3150 5275
733 461 771 522 15

176 687 237 752 que
260 664 404 729 violentas
425 682 534 727 manus
554 659 688 724 iniicias:
713 680 812 745 quum
831 662 914 724 enim
932 664 1091 731 manifesto
1112 666 1196 731 idern
1215 680 1331 753 spectet

175 777 258 867 quod
286 778 447 851 Horatius,
481 773 573 839 huius
605 775 787 837 sententiam
819 785 1023 864 contorquens
1054 802 1175 845 neeesse
1207 793 1253 845 est
1283 782 1331 848 illi

175 915 236 958 non
258 914 373 977 parcas.
396 891 484 973 Quae
503 910 602 977 quum
624 890 667 953 ita
693 890 771 965 sint,
795 892 913 957 Horatii
939 915 987 957 res
1005 895 1085 957 salva
1107 917 1170 959 esse
1196 896 1328 962 ridetur.

174 1007 215 1071 At
239 1006 337 1071 multo
362 1007 431 1092 plus
457 1007 571 1091 negotii
599 1005 846 1088 Quinctilianum
866 1008 1012 1072 facessere
1035 1007 1118 1073 haud
1141 1012 1329 1097 negaverim.

173 1124 280 1210 Neque
298 1134 400 1186 tamen
418 1142 450 1185 se
469 1121 593 1208 praebet
611 1120 850 1206 implacabilem.
883 1123 975 1205 Quod
1001 1126 1181 1212 priusquam
1201 1129 1328 1213 planum

172 1238 300 1315 faciam,
323 1238 390 1323 ipse
410 1234 580 1300 audiendus
600 1244 655 1299 est.
681 1234 906 1313 «Obscuritas,
925 1238 1044 1323 inquit,
1068 1238 1103 1302 fir
1120 1240 1213 1304 etiam
1231 1242 1330 1305 verbis

174 1350 214 1416 ab
244 1373 303 1415 mu
330 1352 472 1428 remotis,
503 1362 539 1413 ut
567 1351 592 1413 si
622 1349 855 1414 commentarios
877 1352 945 1436 quis
967 1352 1154 1438 Pontificum
1177 1366 1208 1418 et
1229 1366 1328 1420 vetus·

173 1466 286 1529 tissima
309 1465 431 1530 foedera
452 1476 482 1529 et
504 1467 634 1529 exoletos
656 1476 808 1529 scrutatus
829 1478 985 1543 auctores,
1008 1467 1041 1530 id
1063 1469 1166 1553 ipsum
1187 1481 1269 1554 petat
1291 1492 1327 1533 ex

173 1580 241 1657 lris,
274 1602 353 1666 quae
384 1579 456 1644 iude
488 1580 692 1655 contraxerit,
728 1577 812 1666 quod
841 1601 903 1643 non
934 1581 1124 1667 intelligatur
1155 1581 1215 1671 (1).
1249 1585 1328 1647 Hinc

172 1697 254 1759 enim
283 1694 379 1782 aliqui
406 1695 520 1759 lamam
541 1694 720 1759 eruditionis
742 1694 906 1771 affectant,
940 1706 975 1758 ut
997 1693 1150 1781 quaedam
1171 1696 1227 1759 soli
1251 1697 1329 1759 scire

96 1860 98 1864 ,
175 1808 374 1875 rideantur».
420 1810 488 1873 lam
532 1831 601 1873 vero
633 1810 716 1897 quod
747 1808 945 1895 Spaldingius
981 1831 1104 1896 quoque
1135 1811 1329 1875 animadver-

173 1925 229 2003 tit,
258 1925 403 1989 scribenti
434 1923 510 1988 haec
540 1924 752 2007 Quinctiliano
783 1921 953 1985 obversatos
984 1944 1047 1987 esse
1070 1945 1170 1987 versus
1192 1925 1326 2001 Horatii,

175 2060 211 2103 ea
233 2039 382 2103 sententia
404 2060 464 2102 non
486 2037 573 2103 rideo
595 2060 656 2126 qua
679 2038 770 2122 possit
793 2037 1007 2123 probabilitate
1025 2038 1058 2102 in
1077 2039 1210 2103 dubium
1218 2042 1329 2107 vocari.

175 2154 264 2217 Notat
295 2164 377 2217 certe
406 2165 536 2239 uterque
568 2154 667 2238 prisca
696 2163 727 2215 et
755 2152 914 2237 antiquata
939 2150 1031 2215 verba
1060 2174 1096 2216 ex
1125 2154 1329 2217 vetustissimis

175 2268 381 2331 monumentis
411 2268 618 2353 expiscantes,
650 2279 743 2353 atque
772 2267 806 2329 in
835 2264 894 2329 boo
924 2267 990 2353 ipso
1021 2269 1158 2331 locorum
1183 2268 1328 2345 illorum,

175 2392 313 2445 ceterrun
337 2382 395 2445 sibi
419 2383 489 2446 satis
515 2382 679 2458 similium,
711 2382 753 2444 vis
781 2382 880 2445 omnis
901 2391 946 2443 est
968 2381 1074 2465 posita.
1103 2379 1186 2461 Quid
1208 2381 1327 2467 igitur?

174 2495 338 2581 Perperam
371 2496 599 2577 Quinctilianus
633 2494 868 2559 commentarios
899 2492 1001 2559 dixit?
1034 2494 1136 2571 Vero,
1169 2493 1222 2557 sed
1252 2493 1329 2559 dixit

177 2608 289 2674 leviore
315 2622 442 2708 peccato
467 2632 561 2699 quam
587 2610 666 2674 risus
692 2619 736 2673 est
762 2607 936 2685 nonnullis,
969 2607 1024 2694 qui
1049 2627 1148 2671 sacros
1172 2628 1327 2673 commen-

175 2724 265 2788 tarios
286 2725 348 2788 sive
370 2736 438 2791 acta
460 2725 644 2790 Pontificum
665 2724 774 2787 merito
797 2745 858 2786 non
881 2723 1048 2810 cogitantes
1069 2722 1197 2786 onoolos
1218 2725 1328 2810 respici

175 2837 347 2924 opinentur.
377 2839 435 2903 Illa
466 2841 551 2904 enim
582 2850 800 2917 monumenta,
831 2861 912 2926 quae
943 2837 1024 2901 velut
1053 2860 1089 2901 ex
1118 2837 1166 2902 die
1191 2839 1225 2903 in
1246 2837 1329 2903 diem

175 2951 445 3030 continuabantur,
475 2953 521 3017 vix
544 2965 682 3038 poterant
705 2976 778 3040 prae
798 2954 867 3018 aliis
889 2953 1017 3039 proponi
1039 2952 1215 3038 exemplum
1237 2953 1328 3038 prisci

176 3067 339 3145 sermonis3
372 3065 439 3146 bis,
460 3080 496 3135 ut
517 3088 571 3132 suo
593 3069 660 3132 loco
681 3067 857 3152 apparebit,
880 3067 982 3151 plures
1005 3066 1076 3130 libri
1098 3066 1224 3130 fuerunt
1248 3068 1329 3131 anti-

175 3181 311 3266 quiores,
335 3191 371 3246 ut
390 3181 475 3245 Fabii
495 3181 623 3246 canolas
631 3191 661 3243 et
672 3180 806 3264 oripioos
822 3181 951 3245 Catonis.
963 3181 1024 3244 Sed
1035 3181 1163 3245 conules
1173 3181 1329 3246 matrimes

176 3295 306 3382 intelligi
327 3306 429 3360 vetant
451 3297 546 3360 etiam
567 3297 657 3360 allata
678 3296 832 3361 Ciceronis
852 3306 882 3359 et
904 3296 1020 3359 Horatii
1040 3295 1228 3372 testimonia,
1249 3306 1330 3359 vetat

177 3410 403 3492 Quinctilianus
421 3412 503 3497 ipse,
524 3409 640 3497 quippe
660 3410 779 3496 quill.
799 3411 830 3474 o.
853 3411 872 3473 7
895 3420 976 3473 recte
996 3408 1182 3494 Pontificum
1200 3408 1329 3480 onooles

175 3535 339 3603 memoret,
358 3545 420 3590 non
441 3523 603 3589 verborum
620 3523 825 3589 obsoletorum
843 3545 953 3601 causa,
977 3521 1029 3586 sed
1040 3523 1328 3609 quoconsilioaGi·

176 3661 287 3704 corone
308 3661 431 3728 quoque
451 3640 614 3704 laudantur
635 3636 672 3701 de
696 3637 778 3703 Orat.
796 3639 837 3703 IL
858 3641 908 3702 tt.
930 3639 970 3700 tte
995 3659 1058 3724 sq,
1072 3648 1107 3700 ut
1116 3639 1175 3701 sint
1186 3635 1328 3702 historiae

178 3755 334 3820 Romanae
360 3755 465 3818 Latine
494 3754 624 3839 scriptae
648 3753 824 3838 exemplum
845 3753 1100 3840 antiquissimum.
1123 3755 1230 3840 ltaque
1249 3754 1331 3820 inter

180 3869 411 3936 commentarios
453 3880 484 3934 et
527 3867 655 3934 conclea
696 3868 881 3933 Pontificum
924 3867 1152 3949 Quinctilianus
1185 3867 1328 3935 distinxit.

179 3984 353 4063 Postremo,
382 3983 464 4071 quod
493 3993 619 4048 monent
637 3985 712 4048 loeis
732 4005 824 4069 supra
844 3983 963 4068 seriptis
982 3984 1089 4049 Cicero
1109 3994 1140 4047 et
1165 3985 1327 4062 Horatius,

215 4278 255 4352 (1)
274 4276 317 4334 Sic
334 4295 414 4351 quum
431 4279 604 4352 scripsissem,
628 4297 682 4335 non
705 4278 871 4351 acquiescens
892 4279 921 4334 in
947 4276 1059 4349 vulgato
1073 4279 1265 4350 intentantem,
1282 4295 1332 4350 pro

178 4395 231 4452 quo
247 4378 321 4434 luere
337 4378 383 4450 qui
390 4381 563 4453 intellipontor
570 4377 753 4446 restituerent,
762 4378 870 4434 eandem
878 4373 1223 4432 emendationemalllotzio
1231 4374 1330 4430 factam

180 4477 248 4548 ridi,
264 4477 283 4536 l.
301 4477 320 4535 l.
338 4497 364 4552 p.
383 4479 446 4546 357,
464 4477 510 4534 ubi
526 4477 567 4535 vir
585 4477 648 4534 cler.
666 4477 723 4551 ipso
740 4477 787 4533 ille
803 4473 969 4541 testimonio,
985 4472 1018 4528 de
1031 4471 1126 4544 quibus
1137 4471 1190 4529 iam
1209 4472 1330 4546 disputo,

181 4577 267 4634 omnia
278 4579 358 4636 refert
371 4578 405 4635 ad
417 4578 614 4636 commentarios
625 4576 798 4644 Pontificum,
812 4573 920 4635 rlotiore
932 4591 1025 4631 sensui
1039 4571 1130 4628 dictos.
