3150 5275
708 463 745 524 51

159 666 296 732 nuinos»
321 675 351 729 et
375 661 609 726 «adulterinos»
630 658 758 724 annates
778 657 844 747 (l);
862 660 986 745 qualem
1004 670 1106 722 tamen
1125 659 1305 723 sententiam

157 783 235 846 ferre
247 781 337 844 facile
359 790 419 855 est,
440 776 567 861 probare
586 774 813 839 difficillimum.
825 774 913 855 Quae
933 786 1035 840 antem
1056 776 1176 861 propria
1184 776 1303 854 aliena,

160 895 330 981 probabilia
341 891 550 966 incredibilia,
571 912 640 953 rara
657 886 800 951 lalsabac
822 888 861 951 de
882 911 914 952 re
936 888 1099 975 disputavit
1120 888 1254 955 Clericus
1275 914 1306 978 p.

160 1013 222 1075 139
244 1030 328 1094 sqq.,
356 1015 492 1091 repetere
520 1004 607 1080 nolo,
637 1002 739 1066 minus
766 1003 858 1066 etiam
880 1004 1062 1089 impugnare
1084 1014 1137 1067 aut
1158 1005 1306 1071 refellere.

158 1122 243 1205 Quid
271 1118 385 1207 igitur?
419 1116 508 1181 Hand
520 1114 616 1202 pudet
635 1113 766 1178 scribere
797 1133 856 1178 nou
880 1134 1005 1193 tronus,
1039 1114 1090 1181 sed
1123 1116 1198 1204 quid
1229 1100 1307 1182 mibi

157 1236 315 1313 rideatur,
351 1256 445 1322 qnam
481 1243 584 1319 potero
623 1228 796 1293 brevissime
829 1229 940 1295 dicam.
981 1228 1057 1294 lude
1077 1252 1108 1295 a
1139 1231 1174 1296 P.
1206 1232 1306 1297 Mucio

158 1349 306 1415 Pontifice
346 1348 471 1412 cessavit
503 1368 566 1410 esse
594 1344 732 1408 Pontifex
765 1344 929 1420 Maximus,
970 1342 1054 1430 quod
1085 1344 1208 1409 fortasse
1239 1368 1308 1431 pro-

158 1464 254 1551 posito
286 1461 413 1526 demum
442 1458 512 1524 albo
542 1460 639 1523 lactus
669 1458 784 1536 luerat,
818 1458 961 1543 publicus
1002 1480 1096 1545 quem
1128 1458 1218 1525 bodie
1255 1483 1307 1524 ro-

158 1599 264 1642 camus
290 1576 482 1640 historiarum
521 1574 648 1660 scriptor
688 1573 755 1663 (a);
799 1573 953 1639 desierunt
993 1577 1117 1640 omnino
1146 1599 1192 1640 res
1226 1576 1310 1641 domi

159 1692 377 1776 militiaeque,
425 1700 505 1752 terra
557 1689 695 1775 marique
742 1700 843 1775 gestae
892 1708 932 1753 ea
971 1688 1149 1754 anctoritate
1185 1689 1311 1773 publica

162 1805 329 1869 memoriae
363 1801 461 1889 prodi.
495 1802 623 1865 Transiit
646 1823 691 1865 res
719 1800 758 1865 ad
784 1799 897 1865 scribas
929 1802 1113 1868 Pontificum
1143 1806 1204 1868 sive
1232 1805 1311 1870 Pon·

160 1918 258 1983 tilices
291 1918 438 1994 Minores,
471 1916 526 2002 qui
552 1914 681 1994 deinde,
711 1937 793 2003 quae
825 1928 901 1979 tunc
937 1915 1079 1981 mandata
1109 1918 1203 1982 literis
1234 1919 1311 1984 late·

161 2034 236 2097 bant
257 2033 321 2098 fere
349 2035 381 2096 in
412 2030 653 2108 commentariis,
681 2031 793 2094 reterre
813 2031 845 2095 in
866 2030 958 2094 libms
977 2044 1161 2116 coeperunt,
1184 2043 1214 2096 et
1237 2055 1311 2097 con·

163 2152 295 2214 tinnasse
316 2149 374 2234 ipsi
391 2146 623 2211 commentarios
636 2146 727 2209 etiam
739 2157 806 2231 post
817 2145 971 2209 sublatum
981 2146 1086 2209 album
1100 2146 1240 2210 ridentur
1252 2147 1310 2235 (5);

162 2262 193 2326 id
213 2261 296 2349 quod
316 2282 385 2325 mox
406 2261 540 2346 apertius
559 2259 725 2327 ostendam.
745 2261 847 2347 Atque
865 2262 906 2324 ita
926 2261 1037 2323 sensim
1066 2282 1143 2325 nora
1164 2271 1311 2348 tanquam

162 2377 288 2441 materia
310 2375 528 2462 colligebatur,
557 2397 618 2461 qna
642 2376 689 2439 usi
711 2375 828 2440 scribae
851 2376 890 2439 ad
909 2377 1063 2441 confectos
1092 2378 1154 2441 iam
1183 2378 1312 2443 annales

164 2510 256 2555 novos
274 2489 365 2553 libros
384 2487 605 2568 conficiebant,
629 2512 725 2577 usque
746 2489 820 2554 dum
842 2489 894 2555 hio
913 2513 1037 2579 quoque
1057 2514 1138 2568 mos,
1158 2494 1311 2558 incertum

161 2604 299 2694 quando,
321 2624 382 2670 non
404 2615 506 2670 tamen
527 2616 593 2691 post
609 2606 710 2674 Verrii
730 2605 831 2671 Flacci
852 2616 1001 2684 aetatem,
1020 2606 1053 2671 in
1076 2605 1310 2673 desuetudinem

162 2721 258 2799 abiit,
280 2732 370 2786 aucto
388 2719 426 2784 ad
448 2720 561 2784 LXXX
580 2719 728 2784 librorum
749 2741 889 2787 numero.
914 2721 997 2786 llaec
1017 2744 1085 2789 mea
1105 2723 1236 2808 suspicio
1256 2735 1311 2789 est.

162 2837 197 2899 Si
218 2837 287 2922 quis
307 2835 400 2900 habet
420 2836 562 2912 meliora,
586 2836 678 2899 velim
699 2835 815 2900 afferat.

206 2953 293 3014 Hanc
314 2952 410 3037 igitur
430 2971 581 3014 summam
599 2971 698 3036 quum
718 2971 755 3013 es
776 2950 953 3014 testimoniis
969 2960 1126 3029 aeterum,
1156 2952 1312 3038 inprimis

167 3096 511 3109 *ja—...—

201 3188 239 3258 (1)
259 3184 376 3241 Clericus
392 3204 417 3260 p.
436 3186 488 3241 119
506 3185 615 3242 formam
632 3191 760 3244 annotina
776 3191 935 3244 marinorum
952 3188 1057 3246 11111111
1073 3191 1176 3265 saepius
1191 3209 1311 3247 essemu

163 3289 261 3355 tetam,
279 3286 334 3342 sive
350 3304 384 3340 ex
400 3284 538 3341 voluntate
552 3286 709 3343 Pontificum
724 3287 852 3361 ipsorum,
870 3287 926 3343 sive
942 3306 976 3344 ex
991 3307 1094 3358 eorum,
1112 3308 1129 3346 1
1147 3289 1242 3361 qrribus
1254 3289 1312 3345 ede·

164 3389 268 3455 rentur,
286 3384 401 3442 arbitrie.
415 3384 524 3440 Aliieos
541 3387 644 3442 annales
660 3385 795 3460 appellant
812 3404 948 3455 avernen,
963 3387 1009 3459 qui
1025 3406 1067 3444 res
1082 3388 1142 3444 inde
1162 3406 1179 3442 1
1196 3386 1314 3442 tumultu

166 3483 267 3540 Gallico
283 3486 371 3556 gestas
389 3483 432 3539 vel
448 3483 528 3558 paulo
545 3484 704 3556 antiquiores
722 3484 893 3540 continerent.

202 3582 240 3653 (1)
262 3581 367 3640 nPenes
383 3580 536 3649 Pontifices,
553 3582 592 3638 111
607 3582 737 3656 Vopiscus
753 3582 810 3638 Vit.
827 3583 887 3639 Tac.
905 3584 935 3652 I,
950 3583 1100 3639 scribendae
1108 3583 1232 3640 historiae
1239 3587 1312 3657 pote·

164 3684 220 3738 stas
244 3680 329 3750 luitn,
356 3681 433 3755 plane
458 3684 491 3737 ut
515 3678 680 3748 Macrobius,
705 3678 779 3734 cuius
806 3679 887 3734 rerba
914 3679 1005 3736 statim
1022 3679 1134 3736 afferam.
1152 3678 1226 3749 Quos
1243 3678 1315 3735 locos

165 3783 284 3854 spectans
310 3779 432 3836 Klotzius
456 3798 482 3854 p.
510 3781 560 3834 368
588 3782 677 3834 annot.
705 3779 754 3833 531
779 3775 882 3833 attendi
907 3776 998 3844 iubet,
1016 3779 1122 3831 tantum
1139 3776 1172 3832 de
1183 3778 1317 3848 facultate

166 3878 374 3951 (aBefuguissn)
398 3878 522 3934 historiae
546 3875 695 3932 scribendae
718 3875 876 3931 mentionem
896 3873 969 3941 lieri,
986 3888 1040 3927 nou
1058 3871 1091 3927 de
1107 3871 1230 3946 imposita
1247 3874 1314 3930 Pon-

165 3977 230 4034 tifici
255 3980 411 4046 neaesntat03
430 3995 462 4032 ex
480 3995 532 4048 qua
549 3979 638 4031 tamen
655 3975 822 4031 distinctione
839 3973 933 4030 dubito
949 3990 984 4028 111
1001 3969 1144 4042 quidquam
1160 3971 1313 4027 concludes·

167 4076 230 4132 dum
253 4075 302 4144 sit,
326 4076 426 4132 etiamsi
446 4081 557 4148 potestas
579 4079 649 4131 recte
672 4074 817 4149 explicetur
836 4074 964 4145 scandas.
991 4069 1091 4125 Contra
1108 4069 1209 4126 Glerieo
1229 4073 1265 4144 (p.
1284 4073 1312 4143 9)

167 4177 217 4231 hoc
242 4177 371 4231 annutiant
399 4174 591 4232 scribendorum
616 4192 711 4228 munus
737 4173 818 4228 luisse
843 4173 872 4228 111
894 4171 979 4228 causis
995 4171 1115 4240 videtur,
1133 4190 1180 4226 cur
1196 4170 1317 4228 Pontifici

168 4273 285 4330 Maximo
310 4273 399 4330 abesse
424 4274 509 4329 Roma
534 4291 587 4328 non
612 4272 702 4328 liceret
709 4294 716 4337 ;
751 4290 830 4343 quam
851 4273 955 4327 11111111
981 4271 1081 4327 scilicet
1107 4271 1316 4328 observationem

169 4370 232 4428 alibi
249 4377 291 4428 me
307 4372 393 4444 legere
411 4391 464 4428 non
481 4372 594 4428 memini.

208 4472 245 4543 (3)
264 4471 310 4526 111
330 4487 433 4542 quoque
449 4474 508 4524 nata
526 4471 617 4525 dianna
635 4488 651 4524 a
667 4467 758 4524 scribis
773 4468 992 4537 conficiebantur,
1017 4468 1112 4541 quibus
1138 4469 1199 4526 inde
1222 4488 1316 4527 nomen

171 4569 224 4624 luit
242 4569 342 4626 Actarii
359 4569 414 4624 sire
431 4567 558 4624 Actuarii.
577 4567 618 4623 Ol.
637 4566 876 4633 Lieberkuehnius,
892 4567 1035 4624 Commeat.
1051 4586 1077 4642 p.
1094 4569 1129 4624 12
1142 4586 1181 4640 sq.
