3150 5275
839 418 877 480 tt

274 620 465 695 Romanum,
482 617 519 680 ad
543 616 756 681 humaniorem
778 619 867 697 ritae,
890 617 941 686 sed
963 620 1055 682 etiam
1075 618 1192 704 ingenii
1214 620 1332 681 cultum
1351 639 1420 683 sen-

271 736 329 797 sim
361 754 566 817 progressum,
596 733 805 820 libertatisque
836 734 869 796 in
896 731 960 796 dies
980 730 1205 811 studiosiorem,
1235 754 1344 796 noram
1364 732 1422 796 sibi

273 848 436 935 postulasse
466 850 625 935 magisque
655 850 836 934 popularem
868 857 898 911 et
930 846 1071 910 idoneam
1105 849 1202 926 riam,
1233 870 1295 935 qua
1317 869 1421 912 secum

268 964 571 1029 communicarentur
593 986 671 1051 quae
695 975 793 1028 essent
816 964 860 1027 rei
883 962 1036 1049 publicae.
1057 963 1109 1025 Sic
1131 972 1194 1027 orta
1218 960 1420 1026 coniiciebam

270 1099 350 1164 quae
372 1077 517 1141 dicuntur
539 1085 606 1141 octo
627 1074 738 1141 diurno
756 1076 841 1141 ordis
862 1079 923 1141 sire
943 1075 1068 1161 populi,
1091 1076 1133 1138 ita
1144 1074 1269 1161 quidem
1282 1087 1315 1140 ut
1328 1075 1420 1154 haec,

270 1191 321 1256 sed
344 1193 403 1256 alia
426 1191 540 1256 ratione
562 1192 719 1286 confecta,
744 1190 929 1255 Pontificum
954 1190 1064 1254 tabulis
1095 1189 1324 1269 successissent,
1358 1213 1420 1257 non

268 1308 423 1371 cessissent
450 1305 572 1369 tabulae
599 1308 713 1391 coeptis
742 1306 796 1369 diu
831 1319 900 1369 ante
945 1305 1036 1369 scribi
1068 1303 1144 1368 uotis
1166 1304 1302 1367 diurnis:
1326 1327 1419 1393 quam

269 1410 416 1484 Dodwelli
448 1420 620 1505 opinionem
650 1420 682 1507 (l.
693 1422 713 1485 l.
726 1442 756 1505 p.
770 1423 833 1485 652
843 1418 901 1506 sq.)
935 1420 1001 1483 iure
1021 1420 1212 1504 impugnavit
1231 1418 1365 1485 Clericus
1388 1444 1417 1505 p.

268 1536 330 1600 224
363 1557 444 1622 sqq.,
473 1535 536 1620 ipse
568 1533 763 1599 vehementer
792 1533 903 1597 abusus
928 1533 1099 1619 fragmento
1132 1535 1307 1621 Sempronii
1338 1534 1418 1622 apud

266 1649 402 1713 Gellium
432 1650 453 1712 l.
486 1670 514 1713 c.
540 1646 585 1735 (1)
610 1659 640 1712 et
660 1649 874 1736 interpretatus
895 1650 1020 1734 pessime
1039 1650 1141 1713 locum
1159 1650 1271 1727 Plinii,
1300 1650 1355 1736 qui
1374 1660 1419 1713 est

266 1765 304 1829 n.
324 1764 362 1828 u.
384 1764 424 1828 11.
450 1743 839 1841 57,adt1ibirissimu1ab
859 1762 916 1827 aar
937 1785 968 1826 re
993 1762 1182 1825 alienissimis
1203 1752 1300 1826 term
1322 1763 1418 1826 serat

271 1902 287 1941 <r
297 1902 351 1964 per
381 1880 515 1965 singulos
542 1876 644 1945 dies».
674 1877 734 1941 Sed
760 1879 821 1940 iam
845 1876 973 1962 repudio
995 1874 1076 1939 hano
1098 1876 1322 1952 coniecturam,
1346 1878 1419 1963 quia

267 1994 453 2078 argumentis
482 1994 589 2057 nititur
617 2014 678 2057 non
708 1994 803 2069 reris,
829 1992 940 2079 quibus
965 1991 1110 2055 inductus
1137 2002 1181 2055 est
1208 2013 1280 2056 cum
1303 1992 1419 2058 Clerico

265 2108 527 2173 Liebertuehnius
545 2109 727 2195 (Comment.
749 2106 787 2171 de
807 2106 908 2171 diurn.
928 2108 1018 2171 Rom.
1036 2106 1279 2195 act.),quamris
1290 2107 1327 2170 de
1339 2118 1416 2172 tem·

265 2245 355 2309 pore,
385 2246 446 2312 quo
475 2226 609 2310 primum
638 2226 809 2310 inceperint
838 2232 923 2302 octa,
952 2232 1089 2287 constare
1110 2231 1222 2307 neget,
1240 2243 1271 2306 p.
1291 2224 1331 2284 15
1354 2216 1413 2308 (2).

263 2562 318 2635 psit
335 2562 436 2619 Gellius
451 2564 487 2621 N.
503 2566 537 2621 A.
554 2563 589 2620 V.
611 2565 661 2631 18,
678 2580 732 2617 non
748 2561 819 2634 quod
835 2560 869 2616 ad
885 2563 988 2617 camier
1005 2562 1123 2615 mortuos
1141 2558 1257 2631 proxime
1270 2558 1417 2632 pertinent,

261 2661 308 2718 sed
345 2667 451 2736 propter
484 2663 623 2718 manifesta
655 2661 767 2734 vestigia
800 2659 882 2717 studii
911 2653 1117 2735 πραγματικῆς
1143 2646 1275 2732 ἱστορίας
1294 2659 1347 2716 iam
1359 2663 1417 2716 turn

262 2761 421 2819 doctioribus
438 2761 564 2818 Romanis
585 2761 744 2832 enascentis,
762 2762 837 2819 cuius
853 2763 875 2817 si
891 2781 945 2818 non
961 2762 1083 2832 excitati,
1101 2765 1130 2818 at
1146 2761 1195 2818 alti
1212 2760 1336 2833 auctique
1352 2777 1416 2816 suae

259 2861 371 2916 fortasse
388 2859 498 2933 Polybio
515 2864 577 2915 suut
593 2862 680 2933 partes
697 2859 859 2917 tribuendae.
877 2859 955 2929 Quod
970 2863 1059 2916 tamen
1075 2877 1106 2916 co
1122 2863 1240 2932 temporo
1250 2857 1415 2932 Sempronius

258 2961 289 3014 et
306 2957 351 3014 alii
368 2957 444 3030 pauci
469 2961 670 3030 perspexerunt,
696 2956 724 3014 id
743 2975 792 3013 nec
813 2961 979 3031 perspectum
996 2958 1093 3031 populo
1111 2957 1178 3026 luit,
1193 2975 1241 3014 nec
1257 2956 1346 3031 potuit
1360 2974 1417 3012 erse

258 3056 289 3110 in
311 3056 395 3112 causis
417 3056 547 3130 primariis
569 3056 688 3113 sublatae
705 3056 841 3112 Pontificio
856 3055 978 3126 tabulae,
994 3056 1128 3131 ediditque
1145 3058 1281 3131 aliquanto
1297 3059 1358 3131 post
1378 3059 1415 3112 bi-

256 3156 351 3209 storias
366 3172 427 3209 sues
443 3153 553 3210 Asellio.

296 3257 335 3327 (l)
356 3285 368 3312 a
376 3254 493 3310 Annales
516 3253 578 3310 libri
602 3253 782 3310 tantummodo
809 3253 880 3326 quod
901 3254 1018 3325 laetum,
1035 3273 1140 3329 quoquc
1156 3273 1226 3312 anno
1241 3257 1345 3326 gestum
1363 3253 1414 3321 sit,

257 3369 291 3406 ea
307 3352 534 3422 demonstrabant,
548 3351 576 3408 id
592 3355 633 3408 est
650 3352 726 3424 quasi
743 3353 788 3425 qui
812 3355 922 3409 diarium
938 3354 1070 3423 scribunt,
1088 3373 1167 3426 quam
1189 3353 1283 3410 Graeci
1300 3341 1415 3426 ἔφημε-

259 3443 330 3527 pr‘da
349 3460 474 3513 vocantu.
493 3456 546 3526 Qui
567 3475 664 3513 morem
689 3460 809 3513 veterum
834 3457 1017 3515 historicorum
1049 3458 1169 3526 noverit,
1196 3474 1249 3513 non
1265 3456 1412 3525 dubitabit,

258 3555 324 3628 quin
348 3557 396 3613 hoc
421 3556 545 3613 iudicium
569 3559 597 3613 in
614 3559 741 3633 principio
757 3562 917 3616 tumueram
939 3559 1106 3633 Sempronius
1126 3559 1247 3616 universe
1270 3559 1363 3616 tulerit
1379 3559 1411 3615 de

257 3653 429 3725 scriptoribus
444 3654 502 3728 ipso
522 3655 665 3728 prioribus3
687 3656 732 3729 qui
751 3675 849 3712 morem
865 3657 974 3726 Clerici,
992 3657 1056 3730 quin
1071 3656 1141 3714 huno
1154 3656 1241 3714 locum
1254 3660 1414 3714 mucimus

261 3753 389 3807 uenalium
407 3770 463 3808 esse
479 3752 655 3826 fragmentum
674 3754 796 3810 voluerit.
814 3754 856 3812 cf.
872 3755 937 3828 Cap.
954 3755 970 3811 Ι
991 3775 1017 3829 p.
1036 3756 1078 3812 29.
1107 3755 1159 3812 Sed
1183 3775 1264 3828 quum
1282 3755 1413 3815 iurnales

260 3849 340 3904 librir
362 3849 387 3905 ei
403 3848 542 3905 rideantur
558 3849 610 3906 dici
625 3852 775 3926 Pontificum
789 3853 910 3922 armates,
935 3853 1077 3913 odieriumr
1100 3853 1214 3928 explicet
1229 3858 1290 3910 octa
1307 3855 1412 3923 diurna,

258 3949 325 4004 hano
353 3967 430 4020 porro
455 3949 526 4021 cogit
558 3967 701 4019 summam,
727 3951 906 4024 Sempronium
930 3952 1073 4025 praeterito
1101 3951 1356 4008 rdemonstrabantt
1381 3957 1411 4008 et

257 4049 389 4121 praesenti
416 4050 574 4108 ascribuntur
598 4050 724 4121 indicare,
749 4055 808 4107 tum
831 4069 885 4107 non
911 4052 1023 4126 amplius
1047 4051 1194 4126 propositas
1219 4071 1275 4110 esse
1293 4054 1412 4122 tabulas,

258 4152 353 4221 coepta
368 4149 410 4204 edi
427 4156 487 4206 ueto
500 4153 596 4222 populi.
618 4147 705 4208 Unum
721 4150 851 4224 explicare
868 4151 971 4220 omisit,
985 4170 1032 4208 cur
1048 4151 1137 4207 addita
1154 4152 1208 4208 sint
1225 4153 1308 4210 verba
1318 4173 1411 4226 nquam

258 4248 351 4305 Graeci
370 4236 542 4320 ἐφημερίδα
560 4253 687 4305 vocantu:
714 4269 774 4306 nam
792 4254 862 4306 certe
875 4269 929 4306 non
943 4251 983 4307 ita
999 4251 1063 4307 hoec
1080 4251 1195 4324 accepit,
1214 4253 1290 4324 quasi
1311 4252 1413 4324 reipsa

260 4349 401 4407 nomnibus
423 4352 450 4406 et
472 4350 550 4424 lippis
567 4355 630 4407 nota
646 4357 674 4408 et
689 4353 873 4422 tonsoribusr,
899 4354 1065 4428 Sempronius
1088 4354 1223 4413 doctrinae
1240 4355 1410 4414 ostentandae

259 4463 338 4502 causa
354 4466 384 4503 ca
401 4447 481 4504 verba
499 4447 629 4506 adiecerit.
920 4466 922 4469 ’

297 4548 336 4619 (t)
354 4547 428 4605 Idem
446 4546 585 4604 coniecisse
602 4548 786 4619 Schmidtium,
804 4551 929 4609 Zeitsobr.
944 4552 962 4609 l.
980 4552 1276 4619 Geschiohtswiss.1.4
1295 4573 1321 4626 p.
1342 4555 1414 4620 308,

1559 4096 1567 4479 t
