3150 5275
722 476 759 538 tt

164 682 282 756 sciunt,
304 676 447 743 Consules
467 676 499 738 in
520 674 623 737 locum
646 676 768 760 Regum
788 676 986 754 successisse,
1010 697 1068 740 nec
1089 687 1142 741 aut
1163 678 1236 743 iuris
1257 691 1310 743 aut

162 793 325 860 maiestatis
351 792 520 878 quidquam
547 789 677 867 hahere,
698 788 780 875 quod
798 810 859 853 non
876 790 910 854 in
928 792 1066 877 Regibus
1081 805 1150 857 ante
1168 795 1306 859 fueriti»

164 910 246 973 llaec
266 908 361 993 igitur
381 905 498 982 Livius,
522 903 609 967 cuius
630 914 766 967 mentem
791 904 982 988 interpretati
1009 907 1067 969 riri
1096 907 1197 984 docti,
1227 909 1312 973 aliud

162 1024 215 1089 alii
236 1031 416 1098 statuentes,
444 1021 476 1083 in
508 1016 566 1082 hoe
593 1030 831 1096 consenserunt,
859 1019 987 1082 sirecte
1009 1021 1158 1097 memini,
1182 1043 1308 1100 omnes,

163 1137 312 1201 librorum
332 1133 524 1223 quorundam
547 1135 672 1198 titulum
695 1133 806 1198 allerri.
826 1132 1026 1198 Gravissimus
1045 1136 1071 1199 is
1090 1158 1173 1200 error
1188 1150 1256 1217 est,
1273 1162 1309 1204 ex

162 1276 225 1344 quo
256 1274 318 1318 non
350 1253 448 1339 potuit
481 1272 544 1315 non
572 1250 654 1313 nasci
677 1249 709 1312 iu
732 1248 841 1312 ceteris
862 1246 1027 1327 dissensio,
1049 1263 1139 1316 aucta
1159 1254 1310 1339 plerisque

163 1391 219 1445 eo,
246 1367 328 1455 quod
355 1389 428 1432 euru
459 1363 624 1430 conalibus
647 1364 812 1451 propositas
836 1362 953 1426 tabulas
971 1364 1210 1431 confundebant.
1232 1367 1310 1431 Lon·

162 1508 239 1573 gum
264 1496 309 1548 est
337 1484 474 1549 omnium
500 1479 663 1546 sententias
691 1498 880 1555 memorare3
918 1500 1085 1562 paucorum
1114 1482 1309 1561 memorabo,

162 1620 295 1687 quorum
312 1598 466 1674 Clericus,
495 1608 530 1660 ut
561 1594 684 1679 vestigia
706 1592 915 1657 maximorum
937 1593 1098 1657 annalium
1126 1595 1226 1659 ubivis
1247 1597 1310 1660 lere

161 1710 389 1799 deprehendere
413 1712 472 1775 sibi
493 1710 632 1785 ridetur,
666 1709 708 1772 ita
729 1708 821 1772 etiam
848 1729 866 1770 a
895 1706 1041 1771 Canuleio
1067 1706 1151 1773 aliud
1178 1711 1309 1794 spectari

162 1838 273 1913 negat,
297 1849 326 1912 p.
352 1828 414 1890 120
434 1835 465 1889 et
491 1826 560 1890 1⁶28.
591 1823 701 1888 Contra
720 1821 875 1886 Beckerus
894 1822 1028 1885 multum
1053 1821 1156 1885 abesse
1184 1824 1247 1897 ait,
1274 1835 1310 1888 ut

162 1939 200 2005 de
222 1937 386 2004 conalibus
409 1938 531 2003 liviana
559 1937 738 2023 accipienda
764 1938 843 2014 sint,
873 1938 989 2023 quippe
1020 1937 1135 2023 quihus
1162 1940 1311 2002 contineri

161 2053 238 2119 nihil
276 2055 428 2140 potuerit,
469 2051 551 2139 quod
585 2053 712 2118 Plebem
740 2052 841 2115 celare
872 2052 996 2114 Patrum
1030 2052 1195 2115 interesset.
1229 2053 1306 2116 Nolo

165 2190 332 2257 quaerere,
367 2170 392 2232 si
423 2190 489 2232 rem
517 2189 638 2254 prorsus
671 2188 731 2230 non
761 2166 911 2230 curavisse
944 2164 1033 2228 Plebs
1065 2165 1223 2249 rideatur,
1254 2188 1311 2231 our

163 2296 266 2347 tamen
289 2280 454 2369 aliquando
480 2282 601 2345 tabulae
623 2281 681 2345 sint
701 2281 890 2365 propositae;
911 2301 1039 2343 manum
1057 2278 1160 2344 dehis
1178 2280 1309 2345 tabulis:

163 2417 236 2461 nam
255 2397 288 2460 in
309 2416 400 2460 eausa
420 2395 577 2461 statuenda
595 2395 749 2460 Beckerus
767 2395 892 2458 omnino
912 2395 1003 2457 salsus
1024 2405 1078 2460 est.
1096 2394 1185 2477 Quod
1205 2408 1309 2461 autem

166 2510 318 2598 designari
339 2522 443 2575 censet
464 2510 555 2574 libros
574 2508 761 2586 reconditos,
784 2530 863 2595 quos
881 2509 1112 2573 commentarios
1123 2509 1309 2596 Pontificum

163 2637 193 2690 et
224 2622 318 2689 libros
337 2621 523 2710 Pontificum
549 2622 644 2703 dicit,
676 2645 833 2710 opponens
857 2634 1002 2711 utrosque
1036 2621 1125 2688 libris
1140 2625 1309 2712 pontificiis

162 2741 222 2806 sire
249 2739 497 2825 pontificalibus,
518 2738 746 2827 huncquoque
768 2760 901 2803 errorem
923 2739 1055 2825 tetigisse
1077 2739 1214 2804 sufficiat.
1243 2742 1308 2806 Nec

159 2855 326 2920 Kreusinm
350 2855 504 2934 refellam,
523 2857 576 2920 cui
604 2857 648 2922 l.l.
667 2860 708 2920 25
728 2878 773 2944 sq.
808 2880 826 2921 <t
835 2857 911 2920 Livii
931 2854 1042 2933 rerba,
1066 2878 1146 2944 quae
1166 2857 1305 2923 Ciceroni

162 2965 330 3058 (historiam
347 2968 507 3034 annalium
521 2970 731 3036 maximorum
761 2971 909 3047 tradenti,
940 2970 978 3036 de
1004 2971 1087 3040 Orat.
1106 2975 1146 3038 Il.
1176 2976 1304 3063 1252)

160 3081 277 3147 obstare
298 3081 478 3160 rideantur,
501 3105 563 3147 non
594 3108 743 3172 magnum
771 3097 963 3150 momentum
991 3085 1144 3153 habent».
1166 3090 1306 3178 Denique

159 3199 235 3262 solos
262 3195 449 3283 Pontificum
466 3197 560 3263 libros
587 3199 730 3284 intelligit
760 3197 966 3262 Bernhardius
987 3199 1052 3276 l.l.,
1075 3223 1091 3262 a
1115 3222 1183 3264 vero
1205 3205 1306 3287 proxi·

155 3336 246 3391 mus,
276 3314 393 3399 opinor.
421 3314 458 3377 ln
474 3307 547 3378 ¹hae
575 3312 835 3400 euim-equidem
867 3323 966 3399 persto
986 3315 1152 3390 sententia,
1184 3326 1215 3378 et
1248 3315 1305 3381 hoe

159 3428 225 3492 loco
257 3438 288 3491 et
321 3427 418 3512 priore
452 3427 573 3491 Livium
605 3426 714 3490 eodem
746 3428 869 3490 nomine
907 3427 1029 3491 easdem
1068 3451 1114 3491 res
1148 3429 1304 3507 intlicare,

158 3541 285 3607 schedas
313 3541 382 3606 dico
408 3543 440 3606 io
471 3541 677 3629 penetralibus
703 3540 888 3606 Pontificum
916 3554 1065 3620 serratas,
1094 3566 1174 3630 quae
1205 3557 1307 3610 tamen

158 3656 288 3722 schedae
314 3668 349 3721 ut
371 3658 469 3722 variae
492 3657 639 3730 luerunt,
663 3657 704 3720 ita
725 3667 849 3741 possunt
867 3668 897 3719 et
913 3655 1027 3719 debent
1047 3679 1100 3740 pro
1118 3679 1150 3720 re
1172 3670 1239 3721 nata
1260 3661 1306 3723 vel

156 3770 316 3836 historicae
339 3772 388 3834 vel
406 3794 508 3836 sacrae
527 3772 675 3858 inprimis
695 3771 826 3857 intelligi
841 3769 899 3859 (l).
921 3771 965 3834 lta
984 3773 1038 3838 Vl.
1064 3771 1092 3836 l.
1113 3773 1134 3835 2
1153 3791 1304 3838 commeo-

157 3885 252 3949 torios
285 3885 472 3971 Pontificum
507 3887 639 3950 tumultu
677 3885 798 3950 Gallico
835 3884 982 3948 interiisse
1022 3883 1160 3961 tradens,
1203 3887 1306 3953 Livius

156 4000 265 4084 procul
284 3999 378 4065 dnbio
397 4002 529 4067 manime
552 4001 707 4066 historicos
725 4000 887 4088 cogitarit,
908 4019 1007 4087 quum
1026 3998 1118 4084 paulo
1140 4009 1207 4083 post
1225 4002 1243 4084 §
1264 4002 1305 4067 10

193 4193 232 4265 (l)
251 4192 369 4248 Accessit
386 4194 574 4267 quodammodo
589 4195 624 4252 ad
639 4195 707 4252 hene
728 4193 886 4252 sententiam
902 4189 1009 4259 Saxius,
1025 4190 1138 4249 Miscell.
1154 4192 1227 4266 Lips.
1243 4210 1305 4250 nor.

156 4287 204 4346 ΠΙ
224 4307 251 4363 p.
275 4289 341 4358 249,
364 4309 416 4363 quo
431 4291 489 4348 loeo
506 4293 663 4369 redarguens
678 4290 874 4349 Bellefortium:
895 4289 1120 4345 rCommeuterios
1136 4290 1307 4361 Pontificum,

155 4385 256 4459 iuquit,
274 4387 395 4459 generale
411 4406 506 4446 nomeu
521 4408 578 4448 esse
594 4389 702 4464 opinor,
727 4391 776 4448 sub
795 4407 847 4462 quo
863 4392 892 4444 et
909 4387 1016 4444 annales
1031 4392 1060 4444 et
1074 4388 1136 4445 libri
1153 4388 1220 4445 sacri
1236 4388 1304 4447 Pon·

157 4483 258 4540 lilinum
275 4484 512 4555 continebanturr3
529 4487 575 4545 sed
591 4487 685 4544 Sarius
702 4489 807 4544 enucleo
823 4487 875 4543 iem
884 4489 945 4543 aule
952 4486 1100 4543 incendium
1108 4485 1192 4542 editos
1199 4487 1304 4545 statuit.

156 4583 219 4645 rio.
236 4585 315 4642 etiem
332 4586 454 4642 Klotriue
471 4605 496 4659 p.
515 4588 566 4646 357
585 4591 673 4644 annot.
692 4588 751 4644 495.
