3150 5275
802 457 853 519 62·

245 656 283 720 tis
304 656 408 743 aliquo
439 654 528 719 modo
551 655 716 738 expletum.
739 652 798 719 Cui
829 654 954 741 quidem
974 653 1076 741 operi,
1106 652 1224 740 siquid
1246 651 1337 717 etiam
1360 674 1397 719 ex

246 770 344 835 studio
371 772 515 856 colligere
547 770 653 848 liceat,
686 790 747 856 quo
776 770 876 834 statim
908 769 1047 847 foedera,
1074 770 1156 856 leges
1179 770 1301 856 aliaque
1323 791 1396 834 con·

243 887 353 972 quisita
383 885 485 949 Livius
515 895 657 963 testatur,
687 882 768 947 haud
803 885 845 947 ita
874 883 971 947 multo
1001 895 1068 969 post
1099 894 1231 948 erectam
1265 906 1301 947 ex
1334 894 1397 947 tam

244 1000 328 1085 gravi
356 1020 428 1064 casu
456 1020 520 1063 rem
558 998 714 1083 publicam
744 1000 882 1064 Pontifex
908 997 1074 1063 admovisse
1110 1020 1219 1062 manus
1260 997 1395 1072 ridetur3

244 1134 431 1201 quamquam
476 1114 594 1201 singula
633 1114 782 1193 subsidia,
818 1136 897 1203 quae
928 1111 1086 1191 adhibuit,
1117 1116 1167 1178 vir
1196 1112 1398 1179 coniectando

242 1231 442 1315 assequimur.
475 1230 588 1315 Utique
628 1230 727 1314 potuit
758 1227 922 1307 adhibere,
953 1241 1074 1316 praeter
1105 1231 1241 1295 carmina
1273 1232 1396 1296 sortasse

243 1365 385 1430 quaeque
426 1345 600 1430 legerentur
641 1346 673 1410 iu
713 1346 844 1421 statuis,
888 1347 1120 1411 commentarios
1160 1347 1283 1431 Regum
1327 1344 1392 1433 (J,

243 1457 337 1520 varias
363 1457 467 1543 legum
497 1457 615 1521 tabulas
643 1470 673 1521 et
698 1457 807 1534 libros,
839 1460 886 1521 ius
915 1457 998 1544 quod
1031 1457 1145 1522 dicitur
1177 1459 1392 1545 Papirianum,

239 1570 525 1649 senatusconsulta,
563 1571 718 1637 thoracem
759 1574 888 1637 linteum
931 1574 965 1636 in
1004 1571 1120 1656 templo
1160 1572 1239 1636 Iovis
1269 1572 1395 1637 Feretrii

244 1684 655 1773 (multiciplitas,
679 1708 751 1751 cum
773 1687 973 1773 triumphales
995 1698 1062 1751 tum
1081 1688 1172 1765 alios,
1196 1688 1319 1754 foedera
1341 1689 1396 1754 de-

243 1800 356 1886 nique,
388 1820 519 1886 quorum
546 1810 665 1884 praeter
694 1800 770 1863 inita
799 1821 871 1863 cum
895 1800 1076 1868 Veientibus
1102 1800 1236 1892 (Dionys.
1260 1805 1329 1869 Hal.
1353 1806 1394 1872 ll.

245 1913 299 2000 hh)
324 1924 355 1977 et
377 1914 495 1977 Sabinis
521 1912 575 2002 (id.
598 1914 655 1978 111.
680 1914 753 2000 55),
776 1914 865 1977 illaa
890 1915 1037 1991 Romulo,
1060 1912 1137 1979 haee
1167 1940 1185 1981 a
1214 1916 1303 1981 'lullo
1332 1918 1394 1981 llo·

240 2028 340 2105 stilio,
369 2050 447 2115 quae
470 2028 581 2092 dubiae
604 2040 675 2092 sunt
697 2028 792 2107 fidei,
821 2040 1030 2093 memorantur
1046 2030 1189 2116 inscripta
1210 2053 1393 2099 monumen·

240 2144 294 2219 tis,
317 2144 377 2206 icta
395 2163 467 2206 cum
490 2143 602 2205 Latinis
626 2143 693 2231 (1),
718 2142 824 2207 Gabiis
846 2153 876 2206 et
898 2142 1017 2207 Sabinis
1043 2143 1096 2231 (id.
1119 2146 1174 2214 Ν.
1201 2150 1261 2224 58,
1289 2150 1392 2214 Horat.

239 2257 281 2322 ll.
307 2262 335 2323 1.
364 2260 422 2335 15,
446 2258 549 2320 Festus
573 2280 600 2323 r.
622 2256 785 2343 Clypeus),
808 2255 1105 2343 Carthaginiensibus
1131 2259 1249 2347 (Polyb.
1271 2264 1328 2327 111.
1352 2266 1393 2327 m

240 2392 328 2458 sqq,
362 2372 431 2437 coll.
466 2372 605 2436 Perizon.
636 2371 657 2437 l.
688 2374 709 2436 l.
729 2396 759 2459 p.
793 2375 854 2436 697
887 2371 966 2458 sq),
1000 2373 1130 2437 Porsena
1167 2374 1258 2463 (Plio.
1293 2378 1330 2441 N.
1354 2379 1392 2442 H.

239 2486 383 2554 XXXIV.
417 2485 485 2573 14),
516 2484 696 2550 Ardeatibus
729 2484 841 2574 (hicio.
867 2488 969 2550 Macer
989 2510 1039 2574 ap.
1062 2488 1126 2554 Lis.
1149 2489 1204 2556 IV.
1229 2489 1276 2577 7).
1306 2492 1390 2557 llaec

238 2603 358 2691 aliaque
381 2614 578 2669 monumenta
605 2602 730 2692 (quibus
745 2612 848 2666 tamen
864 2602 972 2666 linteos
991 2613 1021 2668 et
1044 2604 1276 2691 magistratuum
1296 2607 1389 2672 libros

243 2716 287 2805 (5)
323 2738 524 2782 annumerare
554 2739 615 2781 non
645 2714 809 2804 audeam),
832 2716 930 2779 multo
959 2737 1031 2781 sane
1062 2716 1271 2806 pluraquam
1303 2721 1391 2785 nobis

276 2972 313 3042 (1)
332 2969 370 3024 Hi
396 2972 486 3023 utrum
511 2988 526 3024 a
543 2968 660 3040 Regibus
677 2967 788 3042 profecti
804 2967 873 3035 sint,
888 2986 999 3039 quorum
1015 2985 1071 3026 esse
1086 2968 1254 3040 terebantur,
1278 2971 1305 3027 id
1322 2972 1391 3044 quod

239 3067 349 3140 probare
374 3066 476 3121 studuit
499 3065 566 3122 libro
593 3065 700 3122 laudato
725 3067 866 3134 Peterson,
892 3085 927 3120 an
943 3084 996 3120 non
1013 3066 1085 3134 sint,
1103 3073 1194 3124 nostra
1212 3088 1283 3125 nuuc
1298 3089 1392 3142 parum

239 3164 327 3220 refert.
344 3165 382 3218 At
395 3163 487 3235 negari
502 3163 611 3234 nequit,
632 3168 800 3219 monumenta
816 3163 896 3219 luisse
914 3163 995 3219 Urbis
1011 3163 1129 3221 incendio
1146 3166 1303 3239 antiquiora.

279 3264 316 3334 (1)
335 3261 445 3335 Dionys.
462 3261 525 3317 Hal.
544 3262 594 3318 IV.
613 3265 654 3318 26.
672 3263 806 3319 Renovati
822 3262 933 3318 foederis
949 3265 1106 3322 mentionem
1122 3265 1187 3322 facit
1204 3266 1272 3323 idem
1290 3268 1338 3324 vt.
1349 3270 1392 3336 95,

238 3365 270 3416 ut
288 3360 381 3416 Livius
398 3362 437 3416 11.
459 3363 501 3418 33.
520 3363 535 3416 9
554 3365 581 3418 ei
596 3361 687 3417 Cicero
700 3366 767 3418 orat.
782 3381 829 3434 pro
846 3361 922 3418 Balb.
939 3363 1047 3424 XXIII.

277 3459 315 3530 (3)
342 3458 498 3514 Laudentur
514 3463 703 3532 magistratuum
718 3462 776 3516 libri
793 3479 808 3514 a
825 3460 904 3516 Livio
920 3461 1049 3525 XXXIX.
1068 3467 1110 3522 57,
1126 3467 1143 3520 4
1162 3469 1207 3534 et,
1223 3467 1265 3522 uti
1280 3467 1393 3537 videtur,

238 3563 367 3615 aumatium
377 3565 566 3634 magistratuum
581 3560 684 3616 nomine
704 3559 754 3615 IX.
772 3561 815 3615 18.
833 3561 883 3628 12,
900 3579 954 3615 una
974 3565 1062 3618 antem
1078 3581 1139 3618 cum
1156 3567 1238 3620 liuteis
1250 3569 1323 3622 libris
1339 3568 1390 3624 IV.

241 3661 265 3718 7.
279 3662 313 3715 10
325 3665 353 3716 11
364 3663 412 3730 12,
423 3661 463 3716 ita
471 3664 502 3716 ut
511 3661 601 3716 alteris
609 3659 686 3715 alteri
695 3661 868 3732 opponantur.
877 3659 991 3715 Proinde
999 3660 1143 3735 depravate
1152 3663 1282 3737 scriptura
1291 3674 1332 3721 est
1340 3666 1390 3722 IV.

240 3758 281 3812 70,
312 3759 344 3812 82
373 3791 385 3817 a
395 3757 464 3829 quod
488 3761 544 3813 tam
569 3761 670 3813 veteres
706 3757 828 3824 annales,
854 3757 975 3830 quodque
997 3763 1187 3834 magistratuum
1216 3765 1291 3830 libri,
1323 3781 1388 3833 quos

238 3855 325 3909 liutem
341 3854 370 3909 in
385 3855 448 3910 aede
465 3856 592 3929 repositos
608 3856 732 3910 Monetae
749 3855 841 3910 Macer
856 3855 974 3911 Licinius
992 3857 1058 3914 citat
1072 3858 1212 3914 identidem
1229 3864 1392 3929 auctoresu,

237 3955 358 4023 recteque
386 3957 430 4010 aet
455 3970 520 4023 quos
542 3952 637 4008 linteos
646 3977 658 4004 a
685 3953 738 4025 legi
765 3952 844 4009 iussit
867 3972 926 4009 cum
949 3954 1104 4013 Belletortio
1120 3958 1251 4014 Beckerus
1268 3959 1284 4014 1
1301 3979 1327 4032 p.
1346 3961 1390 4018 17.

237 4052 375 4108 Praeterea
399 4051 508 4120 Livius,
535 4051 581 4123 qui
605 4053 653 4107 hos
678 4050 758 4107 libros
782 4071 816 4106 ex
844 4053 936 4109 Macro
952 4058 980 4109 et
995 4055 1131 4111 Tuberone
1149 4056 1287 4127 coguovit,
1304 4061 1391 4114 liutem

237 4151 306 4206 solos
330 4149 422 4205 laudat
447 4150 498 4206 IV.
525 4152 566 4206 13.
586 4151 601 4209 7
624 4154 652 4205 11
671 4152 1206 4224 11111,11111111111111111111,
1225 4156 1294 4226 quod
1311 4160 1391 4228 auget

237 4249 341 4322 quidem
357 4248 529 4323 suspicionem
546 4249 627 4304 fuisse
648 4252 827 4321 pervetustus,
846 4251 891 4310 scd
907 4270 957 4324 pro
973 4272 1001 4308 re
1019 4272 1098 4324 quam
1114 4253 1217 4325 aghnus
1243 4254 1310 4311 nihil
1335 4272 1388 4309 ma-

236 4366 349 4421 gnopere
365 4347 468 4422 probat.
487 4349 585 4404 Contra
602 4349 667 4421 Cap.
684 4349 700 4404 I
718 4369 742 4421 p.
753 4351 786 4404 18
798 4368 845 4421 sq.‚
868 4351 915 4406 ubi
932 4352 1032 4407 contuli
1048 4351 1155 4410 Livium
1171 4355 1222 4410 IV.
1238 4356 1263 4413 7.
1281 4356 1316 4411 10
1333 4374 1391 4427 sqq.

239 4465 299 4502 oum
323 4447 450 4522 Dionysio
476 4448 526 4505 XI.
553 4451 604 4517 62,
629 4449 698 4504 huno
723 4449 834 4506 efficiens
860 4454 949 4508 linteos
972 4455 1046 4508 libros
1070 4453 1155 4512 dicere
1179 4433 1262 4528 ἱεράς
1282 4467 1316 4506 τε
1340 4443 1391 4505 καὶ

236 4527 399 4612 ἀποθέτους
407 4535 535 4618 βίβλους,
556 4552 677 4623 apparuit
693 4551 802 4608 inventa
819 4571 874 4608 esse
894 4555 922 4609 in
940 4555 981 4609 his
998 4555 1072 4612 libris
1090 4560 1162 4615 etin
1180 4561 1284 4616 foedere
1306 4560 1388 4617 Arde-
