3150 5275
825 440 865 501 76

269 658 300 710 et
321 644 484 709 debuerint
509 655 540 707 et
572 640 740 727 potuerint,
770 636 843 723 quid
874 648 938 700 erat
965 658 1045 702 anuo
1076 639 1138 702 350
1171 637 1420 701 subsistendum?

268 761 375 845 Neque
403 757 478 821 adeo
509 757 556 822 bis
581 756 680 819 tribus
710 752 812 815 lustris
843 763 1002 816 contentus
1031 762 1075 815 est
1106 749 1240 815 Clericus
1272 751 1314 837 (p.
1350 757 1420 827 11),

268 872 321 937 sed
349 874 418 960 plus
446 872 537 935 unius
566 869 680 935 saeculi
710 866 866 930 historiam
888 866 1052 928 memoriae
1074 867 1226 929 seniorum
1251 868 1297 930 rel
1324 868 1423 933 famae

269 984 499 1051 custodiendam
521 984 612 1047 tradit
635 982 693 1071 (t).
720 982 874 1059 Tandem,
899 981 981 1044 unde
1005 991 1121 1045 constat
1146 982 1177 1045 iu
1199 984 1423 1048 commentariis

272 1111 337 1163 tum
368 1100 492 1162 omnino
521 1096 689 1184 quidquam
719 1120 754 1160 ex
777 1096 923 1159 memoria
949 1096 1120 1160 restitutum
1140 1119 1221 1173 esse,
1251 1110 1317 1161 tum
1339 1100 1422 1162 illam

272 1208 415 1301 ἔκλειψιν
434 1215 476 1277 ita
489 1210 719 1299 consignatam?
733 1212 759 1275 N
761 1233 801 1274 on
814 1210 916 1273 omnia
927 1257 935 1286 ‚
948 1230 1027 1295 quae
1039 1212 1148 1295 scripta
1169 1223 1266 1275 essent
1277 1213 1309 1275 in
1321 1214 1427 1276 Ponti-

270 1327 366 1414 ficum
386 1326 626 1403 commentariis,
645 1324 794 1389 interiisse
815 1324 977 1399 dicuntur,
1001 1323 1051 1387 sed
1071 1324 1228 1409 pleraque.
1255 1328 1313 1390 Fac
1338 1348 1423 1402 vero,

271 1443 314 1505 ita
340 1443 365 1506 si
397 1442 508 1519 libeat,
539 1463 606 1504 eam
628 1460 752 1525 quoque
783 1448 919 1523 partem,
950 1436 1069 1523 inqua
1096 1439 1147 1501 illa
1177 1438 1293 1523 pridem
1324 1449 1425 1503 notata

271 1557 389 1636 fuerat,
410 1559 522 1644 pariter
542 1555 707 1631 interiisse,
734 1551 808 1639 quid
836 1551 953 1630 obstat,
984 1574 1023 1615 ne
1044 1576 1079 1615 ex
1100 1554 1166 1617 aliis
1187 1554 1424 1640 quibuscunque

273 1671 447 1736 adversariis
468 1673 579 1735 iterum
601 1670 698 1731 notari
722 1666 877 1753 potuerit?
903 1664 947 1728 td
970 1666 1030 1730 alia
1053 1678 1180 1731 transeo.
1206 1669 1313 1754 Neque
1342 1671 1425 1731 enim

275 1790 371 1874 magis
402 1785 572 1851 Niebuhrio
610 1782 668 1845 boe
697 1782 916 1857 concesserim,
952 1781 1036 1843 illam
1066 1778 1269 1844 deiectionem
1292 1781 1360 1843 solis
1392 1781 1424 1843 in

276 1901 440 1966 annalibus
454 1899 587 1986 publicis
605 1908 803 1961 memoratam
822 1918 885 1959 esse
901 1908 1048 1981 tanquam
1061 1884 1252 1982 quarinum
1262 1895 1425 1981 singulare,

275 2017 461 2103 relatamque
495 2015 533 2079 ad
564 2024 717 2099 superatos
751 2035 767 2074 a
801 2011 894 2075 Gallis
924 2010 1025 2095 Alpes.
1063 2009 1206 2094 Princeps
1234 2033 1270 2073 ea
1302 2021 1365 2074 erat
1398 2022 1428 2073 et

277 2132 393 2217 prima,
417 2143 449 2195 ut
463 2130 608 2207 ridetur,
633 2128 722 2190 ouius
743 2124 837 2187 fiebat
858 2125 890 2186 in
912 2122 1075 2187 annalibus
1091 2126 1223 2201 mentio,
1244 2127 1316 2213 quia
1338 2149 1428 2211 supe·

276 2247 389 2309 riorum
410 2246 556 2309 memoria
577 2265 650 2307 cum
673 2238 899 2303 commentariis
917 2239 1089 2318 interierat3
1112 2263 1218 2305 earum
1240 2264 1329 2321 vero,
1346 2264 1426 2329 quae

278 2372 380 2446 postea
401 2361 498 2425 sactae
517 2371 604 2437 sunt,
628 2357 746 2422 nullam
768 2353 904 2418 habitam
924 2378 987 2419 esse
1008 2358 1174 2434 rationem,
1196 2380 1297 2444 neque
1320 2382 1356 2423 er
1378 2359 1429 2424 Ci-

277 2476 394 2537 ceronis
413 2474 584 2538 testimonio
615 2475 770 2560 sequitur,
794 2494 859 2558 'nee
885 2472 1027 2535 convenit
1056 2495 1128 2536 cum
1156 2473 1336 2551 Catoniana,
1368 2495 1429 2559 quo

275 2590 343 2653 satis
371 2588 479 2654 diserte
509 2589 679 2666 indicatur,
708 2609 768 2652 non
790 2587 881 2650 fuisse
903 2587 1006 2673 aliqua
1030 2586 1254 2673 opportunitate
1278 2607 1369 2672 opus,
1393 2596 1428 2650 ut

276 2703 398 2791 quando
417 2707 459 2769 sol
481 2707 592 2769 lauare
613 2705 770 2769 defecisset
793 2704 954 2767 Pontifices
972 2704 1004 2767 ia
1023 2703 1247 2766 commentariis
1269 2713 1426 2778 notarent,

275 2818 326 2882 sed
347 2820 463 2883 facturn
484 2817 542 2883 hoc
564 2844 627 2884 esse
646 2845 730 2887 more
753 2833 815 2884 tam
839 2831 986 2906 perpetuo
1014 2840 1106 2906 quam
1136 2818 1240 2882 veteri.
1270 2815 1424 2892 Tandem,

274 2954 368 3019 quam
386 2935 592 3019 quaestionem
614 2957 714 3022 nuper
726 2935 985 3002 movitVahlenus
1006 2958 1036 3020 p.
1057 2934 1172 3012 XLIV,
1192 2935 1224 2996 in
1242 2930 1428 3016 Pontificum

276 3047 441 3114 annalibus
463 3071 556 3112 annos
578 3050 669 3113 fuisse
698 3073 752 3136 per
779 3072 922 3113 numeros
946 3049 1111 3126 indicatos,
1141 3048 1221 3113 banc
1243 3071 1344 3112 reram
1364 3070 1427 3111 esse

276 3165 457 3228 senteutiam
489 3164 685 3228 nullomodo
707 3163 784 3228 mibi
816 3163 993 3249 persuadeo.
1028 3163 1179 3227 ‹tbnnum
1208 3162 1351 3248 quidem,
1381 3164 1429 3225 in-

278 3281 362 3365 quit,
397 3301 491 3366 quem
513 3279 771 3358 (boeronensis,
807 3280 899 3345 CCGL
921 3301 982 3343 uon
1004 3302 1041 3343 ex
1063 3280 1179 3356 Ennio,
1202 3279 1290 3342 cuius
1311 3291 1429 3363 tempo-

278 3415 348 3456 rum
367 3392 528 3478 descriptio
546 3415 564 3454 a
584 3393 716 3478 vulgari,
731 3416 824 3481 quam
838 3395 942 3460 Cicero
953 3394 1107 3480 sequitur,
1120 3395 1209 3478 louge
1221 3392 1349 3457 distabat
1369 3392 1380 3479 (
1403 3392 1428 3479 ),

279 3507 330 3571 sed
353 3530 370 3571 e
393 3509 531 3571 maximis
552 3508 712 3572 annalibus
735 3508 874 3574 hausit».
897 3510 976 3573 Saue
996 3510 1093 3593 ipsam
1117 3531 1181 3573 rem
1203 3509 1243 3572 ab
1266 3511 1363 3573 Ennio
1391 3532 1426 3573 ex

317 3886 354 3955 (1)
375 3885 462 3940 Etiam
485 3885 597 3940 Vossius
621 3899 711 3940 vereor
732 3900 765 3937 ne
793 3882 842 3936 hae
859 3880 888 3936 in
905 3900 933 3936 re
951 3881 1089 3937 memoriae
1107 3882 1239 3937 hominum
1256 3881 1365 3936 nimium
1382 3883 1429 3938 tri-

279 3981 382 4050 buerit,
412 3982 444 4038 de
471 3982 533 4040 hist.
560 3983 621 4038 Lat.
640 3982 663 4037 I.
695 3981 728 4036 l:
759 4013 771 4038 a
779 3981 872 4051 Neque
890 3981 959 4037 enim
977 3981 1132 4037 eiuscemodi
1147 3980 1264 4036 homines
1279 3980 1429 4038 memoriam

281 4097 363 4150 usque
381 4079 445 4136 adeo
470 4099 572 4136 omnem
594 4080 752 4147 arriserunt,
775 4083 806 4135 ut
823 4098 871 4135 nec
883 4079 950 4152 ipsi,
967 4098 1047 4153 penes
1068 4098 1133 4152 quos
1149 4097 1202 4133 nou
1219 4079 1295 4134 modo
1311 4079 1430 4151 legendi,

280 4176 422 4232 sedetiam
441 4179 570 4234 scribendi
587 4180 760 4251 servandique
779 4180 885 4236 annales
901 4181 943 4236 ias
961 4183 1035 4248 erat,
1053 4197 1107 4234 non
1123 4178 1191 4234 bona
1208 4179 1430 4250 experteinstau-

279 4293 337 4330 rare
354 4275 457 4332 eosdem
474 4282 611 4349 possentr.
630 4279 717 4350 Quam
734 4280 824 4335 Vossii
840 4280 997 4336 sententiam
1019 4278 1135 4350 iniquius
1152 4278 1307 4350 perstrinxit
1320 4279 1338 4332 J
1340 4278 1429 4333 oeehe-

280 4392 325 4429 rus
344 4375 485 4448 (Parreidt)
505 4376 523 4432 l.
542 4395 563 4433 o.
584 4378 596 4450 q
616 4382 639 4433 5.

317 4474 355 4543 (2)
375 4472 491 4530 Mthum
514 4474 581 4531 lueis
605 4477 665 4534 huie
691 4479 825 4536 Ennianae
844 4484 990 4552 temporam
1007 4477 1176 4552 descriptioni
1194 4476 1266 4532 dedit
1283 4474 1431 4548 nuperrime

279 4571 438 4629 Ribbeekius
456 4575 484 4630 in
502 4575 686 4633 animadversa
709 4577 742 4632 ad
760 4577 890 4646 Ennium,
908 4578 979 4634 Mus.
997 4577 1083 4634 Rhen.
1101 4577 1135 4633 X.
1155 4579 1170 4632 2
1189 4597 1214 4648 p.
1235 4576 1286 4634 272
1304 4593 1360 4647 sqq.
1418 4614 1423 4624 .
