3150 5275
777 420 818 479 33

220 620 312 685 buius
325 620 455 684 nominis
467 618 705 705 significatione,
719 619 760 683 itu
782 618 907 705 quidem
932 632 966 683 ot
986 620 1065 683 socri
1084 621 1296 683 commentarii
1315 641 1376 683 non

220 735 440 820 respiciantur,
471 734 526 795 etsi
557 732 687 795 narratio
715 733 779 817 ipsa
808 731 883 797 hnic
915 734 1156 818 interpretationi
1190 734 1238 796 air
1269 732 1376 824 obstat.

217 847 278 912 Sed
299 846 382 933 qood
404 868 440 910 ex
463 868 493 909 se
515 868 624 931 parum
647 850 845 932 perspicuum
867 858 927 924 est,
957 846 988 910 id
1011 848 1120 912 similia
1141 848 1313 923 illustrant,
1343 857 1378 909 nt

221 962 368 1046 Σαβίνων
395 960 537 1045 ἱστορίαι
566 952 754 1049 ἐπιχώριοι,
785 984 860 1048 quas
889 975 1037 1027 memorat
1064 963 1225 1048 Dionysius
1252 962 1293 1026 ll.
1317 963 1377 1037 lo,

219 1088 249 1141 et
272 1054 440 1161 ἐπιχώριοι
454 1072 592 1162 γραφαί,
615 1099 650 1139 ex
674 1077 786 1163 quibos
816 1078 907 1140 refert
929 1078 986 1143 Ill.
1020 1082 1060 1144 46
1084 1078 1122 1140 de
1154 1077 1272 1161 origine
1304 1076 1378 1138 Tar-

218 1192 318 1279 quinii
340 1190 452 1265 Prisci,
477 1210 538 1274 qno
561 1190 627 1254 loco
652 1190 786 1255 Clericus
812 1191 855 1279 (p.
880 1194 922 1255 74
944 1191 1003 1278 sq.)
1029 1192 1104 1254 verti
1127 1189 1213 1253 iubet
1234 1188 1267 1250 ιἰι
1289 1186 1378 1251 illius

220 1304 320 1391 pontis
345 1302 513 1391 (Etruscae)
544 1303 709 1368 ourtolibos
734 1305 793 1395 (t).
818 1307 981 1383 Postremo,
1006 1295 1177 1391 ἐπιχώριοι
1204 1303 1275 1365 illae
1303 1292 1379 1365 ἀνα-

221 1418 349 1507 γραφαί
368 1430 459 1497 snnt,
479 1439 559 1506 quae
582 1421 674 1505 vulgo
700 1432 730 1483 et
751 1421 792 1483 ab
813 1425 878 1505 ipso
901 1422 1044 1508 Dionysio
1066 1421 1121 1488 IV.
1146 1421 1187 1482 50
1208 1430 1239 1482 et
1260 1418 1315 1483 Xl.
1337 1420 1378 1483 63

219 1535 414 1620 appellantur
437 1524 593 1599 ἐνιαύσιαι
621 1524 792 1616 Ῥωμαίων
813 1524 996 1621 ἀναγραφαί
1023 1544 1054 1597 et
1084 1523 1264 1617 ιΡωμαϊκαὶ
1300 1553 1378 1620 χρο-

219 1646 410 1736 νογραφίαι,
433 1649 713 1735 quorumlocornm
735 1646 820 1711 hunc
844 1671 935 1731 supra
955 1649 1082 1712 tractavi
1103 1670 1133 1732 p.
1150 1650 1266 1733 ldsq„
1289 1646 1377 1709 illurn

221 1774 313 1849 tango
343 1774 465 1849 propter
494 1764 775 1849 interpretationem
811 1763 921 1828 Clerici
955 1761 1000 1850 (p.
1035 1766 1117 1839 105,
1150 1760 1225 1848 550)
1261 1780 1380 1825 annuos

220 1876 352 1944 tubulos.
381 1880 449 1943 Nou
478 1879 602 1942 sensisse
633 1900 723 1954 eum,
754 1900 848 1965 qnam
878 1878 1008 1941 licenter
1037 1886 1233 1962 evagaretur,
1267 1885 1321 1938 aut
1353 1875 1378 1938 si

219 1993 364 2071 senserit,
400 2015 460 2057 non
495 2016 622 2080 propere
657 1994 831 2070 recessisse,
856 2014 976 2077 prorsus
1004 2014 1066 2055 non
1089 1992 1238 2075 intelligo.
1261 1991 1378 2076 Accipe

220 2104 279 2169 hoe
315 2107 460 2171 ultimum
493 2108 524 2172 in
558 2108 700 2193 Dionysio
736 2107 937 2171 exaestuantis
980 2106 1100 2170 critices
1131 2104 1245 2191 γεῦμα.
1276 2105 1380 2170 Tradit

218 2219 271 2281 ille
294 2219 364 2286 Vll.
392 2218 429 2284 l:
454 2210 572 2287 ’Έοαεν
595 2212 614 2287 ὁ
635 2220 768 2308 πρῶτος
795 2220 827 2286 ἐν
846 2224 919 2296 ταῖς
944 2218 1260 2309 χρονογραφίαις
1284 2218 1381 2286 τοῦτο

221 2323 506 2421 καιαχωρίσας,ᾦ
526 2323 645 2409 πάντες
666 2324 886 2423 ἠκολούθησαν
908 2332 941 2401 οῖ
961 2331 1263 2414 istomacantium
1282 2324 1381 2416 μόνον

221 2444 254 2513 ἓν
273 2448 346 2521 ταῖς
371 2438 556 2534 ἀρχαίαις
584 2440 688 2537 εὑρών
717 2440 965 2537 ἀναγραφαῖς
996 2444 1059 2513 καῖ.
1081 2446 1165 2528 Quid
1184 2447 1267 2509 enim
1290 2448 1379 2532 plura

219 2560 417 2625 describam?
441 2564 485 2625 En
508 2562 758 2653 χρονογραφίαι,
782 2585 861 2650 quae
879 2560 960 2647 apud
974 2561 1136 2647 Polybium
1156 2572 1187 2623 et
1198 2560 1377 2648 Dionysium

219 2681 275 2744 Xl.
307 2682 349 2744 62
382 2679 499 2744 Clerieo
532 2691 603 2742 sunt
636 2677 821 2764 Pontificum
851 2676 999 2752 annates,
1032 2677 1092 2738 iarn
1135 2676 1259 2739 iunctae
1304 2697 1376 2740 cum

221 2783 373 2881 ἀρχαίαις
396 2783 616 2881 ἀναγραφαῖς,
646 2793 797 2856 retortum
814 2790 1062 2864 commentariis,
1086 2812 1122 2852 ex
1144 2789 1253 2854 Clerici
1274 2803 1378 2855 autem

218 2912 351 2985 ratione,
367 2932 405 2972 ne
418 2931 434 2972 a
447 2931 478 2972 se
490 2910 499 2971 i
504 2931 554 2993 pse
567 2909 740 2984 dissentiat,
759 2907 872 2991 prr-'seis
883 2905 1057 2971 noualibus.
1067 2905 1095 2969 Ο
1106 2904 1186 2968 diras
1206 2907 1375 2991 angustias!

222 3023 303 3108 Quid
333 3023 455 3087 multa?
490 3025 621 3087 «Rebus
652 3025 787 3107 angustis
817 3023 970 3085 animosus
998 3032 1091 3106 atque
1118 3021 1201 3084 fortis
1223 3043 1377 3107 appare».

222 3140 342 3203 Clerieo
372 3151 469 3213 teste,
501 3138 634 3202 hocloco
662 3139 822 3222 Dionysius
844 3133 1100 3225 χρονογραφίαις
1120 3135 1259 3222 designat
1284 3136 1379 3202 bisto-

221 3253 303 3332 rios,
326 3252 386 3317 hoe
408 3254 475 3318 loeo
498 3243 650 3341 ἀρχαίαις
672 3242 876 3339 ἀναγραφαῖς
897 3247 1041 3333 antiquos
1062 3246 1183 3312 tubulos
1200 3249 1217 3336 (
1238 3248 1265 3336 ).

222 3427 621 3442 W

258 3532 297 3602 (1)
324 3562 336 3589 ι
348 3532 380 3585 Ce
403 3533 447 3602 qui
471 3551 501 3586 νιο
524 3539 580 3586 aaut
601 3551 650 3603 pas
673 3533 726 3587 dire
742 3530 770 3586 in
787 3529 914 3585 Romanis
931 3530 1138 3598 commentariis,
1156 3550 1242 3587 οοοινιο
1261 3549 1296 3588 ον
1308 3534 1380 3589 lisait

221 3629 345 3700 autrefois
366 3629 429 3684 dous
452 3629 479 3682 lo
500 3631 595 3682 version
618 3630 710 3696 latiae,
733 3631 809 3695 οιαίι,
828 3647 915 3683 comme
932 3646 996 3700 οιιγ
1014 3630 1045 3682 lit
1063 3631 1243 3701 aujourd‘lrui,
1261 3631 1289 3686 in
1305 3631 1377 3686 illins

221 3726 308 3800 gentis
330 3726 468 3790 annalibus
477 3750 499 3783 ν.
523 3727 616 3782 Altero
639 3727 696 3784 loco
720 3727 854 3794 Clericus,
877 3745 903 3798 p.
927 3727 977 3794 73,
1000 3727 1082 3782 vertit
1106 3731 1141 3784 les
1158 3731 1270 3786 histoires
1287 3732 1379 3787 locales

222 3827 263 3884 des
281 3829 383 3885 Satias.

257 3927 295 3998 (3)
313 3924 418 3980 Rursus
440 3923 521 3978 verba
544 3923 602 3996 ipss
618 3925 782 3981 adscribam:
802 3955 815 3982 ι
826 3924 893 3978 Uest
910 3943 957 3994 que
969 3926 1157 3995 probablement
1173 3927 1317 3997 lepremrbr
1335 3931 1379 3998 qai

220 4029 357 4099 ιιινοχῖιίνα
381 4044 407 4080 ce
424 4026 484 4096 suit
502 4026 566 4080 daras
583 4024 601 4079 l'
618 4023 742 4090 histoire,
759 4027 784 4078 et
802 4025 846 4094 qm·
856 4025 908 4094 sat
924 4024 996 4094 copie
1009 4026 1040 4079 de
1057 4030 1112 4080 tous
1130 4027 1165 4080 les
1182 4029 1279 4093 autres,
1298 4031 1378 4099 σγοιιί

217 4126 246 4179 lu
263 4126 392 4180 ambutant
408 4124 472 4178 dous
489 4122 527 4178 les
546 4123 684 4179 anciennes
699 4120 806 4177 tablesr
826 4124 876 4176 etc.
894 4121 956 4177 Vid.
974 4141 1001 4195 p.
1019 4123 1086 4191 353,
1105 4124 1174 4191 355,
1192 4123 1252 4180 coll.
1270 4142 1296 4196 p.
1313 4125 1375 4180 109.

221 4221 344 4276 Ceterum
357 4221 389 4276 de
402 4221 452 4276 hoc
465 4220 585 4293 Dionysii
602 4220 674 4288 loco,
692 4238 769 4292 quem
786 4219 972 4289 solumaffert‚
989 4221 1058 4277 idem
1066 4227 1201 4279 asseverat
1212 4224 1320 4293 Sarius,
1329 4225 1348 4280 l.
1357 4223 1375 4279 l.

218 4323 267 4379 III
291 4343 317 4396 p.
347 4323 413 4382 267:
443 4321 582 4379 anbinm
609 4323 710 4379 nullum
727 4328 783 4394 est,
810 4325 874 4396 quin
889 4343 936 4398 per
955 4305 1085 4395 ἄρχαίοις
1104 4305 1283 4396 ἀναγραφὰς
1304 4324 1376 4397 apud

219 4422 376 4495 Dionysium
392 4423 512 4495 publicae
531 4427 759 4480 monumentorum
775 4424 883 4480 tabulae
900 4424 1087 4498 significentur.
1105 4423 1376 4498 Opponuuturenim,

217 4528 249 4582 ul
265 4527 344 4597 put0,
362 4510 604 4598 χρονογραφίαις,
625 4531 652 4582 et
669 4527 718 4581 hae
735 4527 806 4582 solae
822 4524 922 4582 scilicet
939 4530 1015 4582 eraut
1032 4508 1181 4598 (Ῑξῑθχρὲθῑ
1192 4539 1217 4576 ‘¹-
