3150 5275
693 392 769 502 “aa

176 648 392 734 consignarunt
401 646 465 729 ipso
474 645 536 708 lere
549 654 683 727 tempore
695 690 702 718 ,
716 662 778 727 quo
790 650 890 725 gestae
902 638 1062 721 laetaeque
1073 633 1207 698 fuerunt.
1219 633 1327 714 Quum

172 764 267 848 igitur
288 761 378 823 inane
400 759 437 821 sit
470 778 637 844 quaerere,
666 777 705 818 an
736 775 816 840 quae
846 752 891 815 illi
922 750 1086 814 memoriae
1117 746 1325 834 prodiderint,

173 876 300 962 prodere
329 896 398 938 rere
425 872 599 957 potueriat,
633 880 697 934 tum
721 892 758 933 eo
781 869 884 932 omnia
906 864 1053 943 redeunt,
1083 877 1118 929 ut
1139 864 1326 941 efficiamus,

174 1011 250 1054 num
279 985 357 1051 illud
385 1007 487 1071 neque
514 987 559 1048 ira
580 1006 638 1048 nee
660 981 759 1047 studio
782 982 869 1046 ducti
891 984 984 1045 etiam
1005 979 1137 1047 voluisse
1158 980 1327 1044 rideantur.

173 1102 266 1167 Cuius
294 1101 339 1164 rei
365 1099 551 1163 contrarium
577 1096 723 1161 duntaxat
749 1118 788 1159 ne
818 1096 925 1160 leviter
947 1094 1073 1182 quidem
1095 1108 1228 1182 arguunt
1248 1117 1327 1181 quae

172 1226 334 1301 supersunt
364 1215 512 1278 librorum
540 1214 706 1299 reliquiae,
741 1233 874 1297 quorum
901 1211 1142 1297 fragmentorum
1163 1234 1217 1289 ea,
1247 1233 1327 1297 quae

173 1330 279 1395 Cicero
305 1325 430 1392 exhibet
458 1326 497 1390 de
529 1328 626 1389 Numa
658 1325 827 1409 Pompilio,
860 1347 897 1388 ex
923 1324 1111 1412 Pythagorae
1136 1326 1239 1391 schola
1266 1348 1329 1390 non

175 1443 328 1529 prolecto,
348 1452 379 1505 et
397 1439 435 1504 de
453 1440 521 1504 solis
538 1440 680 1515 delectu,
704 1440 760 1525 qui
778 1440 875 1503 lactus
893 1441 1009 1505 Romae
1023 1452 1066 1505 est
1085 1465 1113 1507 a.
1134 1442 1170 1507 U.
1184 1444 1268 1518 550,
1289 1462 1329 1504 ne

175 1558 235 1622 alia
257 1579 442 1635 memorem,
465 1554 559 1620 fidem
579 1554 761 1618 Pontificum
782 1555 906 1640 egregie
923 1556 1139 1621 commendant
1157 1567 1187 1619 et
1204 1566 1330 1619 tuentur

173 1674 299 1738 fortiter.
332 1674 397 1737 Nec
430 1672 529 1735 miuus
559 1692 648 1756 grare
682 1668 771 1734 huius
800 1669 873 1732 fidei
894 1681 1112 1757 argumentum
1133 1668 1209 1733 mihi
1230 1670 1327 1734 inesse

176 1788 209 1850 in
239 1808 275 1849 eo
305 1785 438 1863 ridetur,
467 1783 549 1871 quod
582 1785 673 1847 etiam
705 1785 737 1847 in
764 1782 898 1867 publicis
929 1782 1093 1848 antiatibus
1120 1784 1330 1871 antiquissima

176 1920 280 1963 rerum
303 1900 510 1961 Romanarum
533 1898 695 1973 memoria,
719 1918 799 1983 quae
821 1899 943 1984 Regum
968 1910 1104 1983 tempora
1126 1897 1281 1983 spectabat
1300 1908 1331 1961 et

178 2035 226 2075 res
249 2024 320 2075 aute
342 2011 496 2075 Gallicum
521 2011 688 2074 tumultum
711 2022 827 2097 gestas,
850 2023 902 2075 aut
927 2014 1106 2098 imperfecta
1122 2013 1182 2077 tuit
1200 2024 1230 2075 et
1245 2014 1332 2098 quasi

175 2128 334 2203 mutilata,
357 2136 410 2189 aut
431 2126 559 2189 obscura
581 2136 611 2188 et
633 2123 737 2191 dubia.
760 2126 843 2207 Quid
862 2128 945 2193 enirn
966 2128 1197 2191 commentarios
1217 2138 1333 2191 restau-

175 2242 258 2304 ranti
281 2239 422 2305 Pontifici
444 2240 573 2303 Maximo
595 2242 722 2304 facilius·
738 2243 912 2329 tutiusque,
934 2244 959 2306 si
982 2266 1052 2307 vera
1074 2264 1114 2306 au
1135 2242 1208 2305 falsa
1230 2242 1263 2304 iu
1283 2262 1332 2304 eos

178 2354 307 2418 referret
334 2374 394 2417 non
422 2365 573 2431 curasset,
601 2354 767 2420 dummodo
794 2377 875 2443 quae
899 2356 1036 2421 deessent
1057 2356 1209 2440 expleret,
1238 2375 1332 2440 quam

178 2490 300 2532 summa
329 2468 453 2533 licentia
480 2469 512 2531 in
540 2467 587 2531 his
616 2469 755 2533 versari?
782 2471 850 2534 Non
880 2492 984 2533 omnes
1015 2492 1051 2533 ea
1078 2468 1178 2533 tenuit
1208 2468 1332 2553 religio,

176 2584 234 2672 qui
265 2581 374 2648 deinde
403 2582 531 2648 canolas
563 2583 726 2650 condentes
755 2608 810 2650 sue
838 2586 968 2674 quisque
998 2584 1088 2650 modo
1118 2606 1235 2672 proque
1260 2582 1332 2648 suh·

178 2700 345 2778 sidiorum,
376 2701 490 2787 quihus
519 2693 701 2780 utebantur,
731 2713 761 2765 et
792 2703 881 2788 copia
910 2713 940 2766 et
971 2701 1168 2780 auctoritate,
1199 2700 1333 2786 quaein

175 2818 363 2882 Pontificum
383 2819 608 2882 commentariis
626 2817 879 2895 desiderarentur,
901 2818 1110 2903 explicarunt,
1128 2817 1333 2893 illustrarunt,

175 2931 386 3016 expleverunt.
408 2933 522 3018 Utique
543 2953 605 2995 uon
624 2933 700 2995 tanti
720 2933 835 3018 negotii
854 2943 899 2996 est
919 2934 978 2996 alio
999 2933 1122 2996 nomine
1140 2929 1234 2994 fidem
1252 2930 1334 2995 Pon-

175 3045 297 3111 tificum
328 3047 466 3124 elevare,
499 3044 625 3130 perinde
657 3067 693 3109 ao
724 3047 748 3108 si
781 3047 815 3110 in
845 3049 1040 3132 optimatium
1071 3047 1198 3133 gratiam
1227 3047 1334 3110 odiove

177 3160 281 3224 Plebis
298 3158 337 3223 de
357 3158 503 3223 industria
524 3159 611 3243 plura
631 3162 843 3244 perverterint,
864 3174 997 3248 quantae
1015 3162 1201 3226 difficultatis
1217 3162 1334 3225 crimen

178 3276 367 3360 imputatum
399 3277 586 3359 argumentis
610 3275 747 3360 probare.
775 3276 857 3340 Illud
878 3279 960 3364 egit,
988 3276 1048 3342 hoe
1067 3277 1167 3342 omisit
1188 3274 1333 3341 Clericus.

182 3389 273 3471 «Qui
296 3391 354 3452 riri
374 3388 509 3467 nobiles,
540 3391 658 3475 inquit,
683 3390 787 3474 primis
809 3391 853 3454 rei
875 3391 1019 3475 publicae
1049 3390 1238 3477 temporibus
1269 3390 1337 3474 epi-

177 3501 281 3588 taphia
315 3504 475 3589 Festosque
510 3501 703 3579 scribebant,
738 3502 834 3567 iidem
865 3504 995 3569 annales
1023 3502 1212 3589 Pontificum
1240 3505 1336 3568 literis

179 3616 405 3681 mandabant».
436 3618 501 3681 Hoc
534 3618 596 3679 iam
627 3616 706 3680 helle
729 3616 866 3697 dictum;
898 3618 951 3684 sed
976 3621 1008 3683 in
1031 3621 1136 3706 primis
1158 3619 1197 3683 ad
1219 3620 1337 3706 reliqua

181 3731 319 3794 animum
351 3727 484 3794 adverte.
516 3728 705 3794 «Pontifices
737 3743 841 3795 autem
872 3734 1014 3811 Maximi,
1044 3756 1233 3822 quamquam
1264 3736 1337 3798 scri-

181 3848 253 3910 bere
285 3845 441 3910 historiam
472 3844 642 3909 debuerant
673 3847 757 3910 nullo
787 3849 921 3933 partium
952 3849 1051 3913 studio
1083 3844 1185 3926 ducti,
1218 3859 1252 3912 ut
1280 3850 1339 3934 ipsi

181 3981 217 4025 ex
254 3961 339 4024 nullo
386 3958 576 4046 pendebant,
615 3971 717 4024 tamen
758 3983 840 4048 quae
872 3975 969 4028 essent
1000 3986 1019 4027 e
1055 3986 1087 4027 re
1119 3984 1244 4027 suorum
1277 3985 1339 4027 uon

182 4084 321 4159 poterant
353 4096 414 4137 non
447 4073 609 4140 recordari.
641 4073 777 4139 Annales
808 4097 906 4161 quum
935 4077 1056 4140 nonnisi
1086 4076 1211 4143 historia
1243 4090 1341 4142 essent

183 4190 331 4252 virtutum
361 4189 578 4275 patriciarum,
608 4211 663 4274 pro
690 4189 821 4274 superba
848 4212 903 4253 sua
925 4190 1119 4275 simplicitate
1139 4193 1244 4256 multis
1266 4192 1339 4255 locis

183 4313 302 4367 tantum
331 4302 455 4366 nomina
483 4301 648 4366 Consulum
678 4313 708 4366 et
736 4304 924 4367 Dictatorum
956 4305 1120 4368 memoriae
1141 4304 1340 4390 prodiderunt

190 4415 265 4502 (Liv.
291 4415 346 4482 IV.
378 4416 437 4492 50,
466 4412 530 4501 47.)
563 4415 628 4480 Ηο0
659 4418 770 4501 carpsit
798 4417 890 4480 etiam
920 4415 1010 4480 homo
1033 4418 1175 4483 Plebeius
1198 4419 1340 4504 Sempro·

187 4535 275 4613 nius,
314 4533 369 4620 qui
401 4554 463 4595 esse
497 4531 592 4596 voluit
625 4554 681 4616 per
710 4531 921 4596 excellentiam
955 4533 1094 4598 historiae
1128 4532 1338 4599 Gracchorum
