3150 5275
708 454 744 517 31

146 660 321 727 auctoribus
355 659 434 733 suis,
478 657 520 719 sic
554 655 689 720 iudicat:
736 655 822 720 «Ubi
869 658 951 721 venit
989 656 1027 721 ad
1056 668 1208 744 tempora,
1240 671 1307 744 post

147 786 268 861 captam
293 773 409 838 Urbem
428 780 550 848 secuta,
585 768 712 857 (Livius)
745 770 866 854 saepius
894 770 1024 835 coactos
1050 776 1198 853 consulit;
1230 796 1306 861 quos

147 910 218 953 vero
239 888 398 962 consulat,
422 906 581 972 nunquam
602 884 679 948 dicit
704 883 924 973 (scelestiores
944 884 1120 964 canales»,
1147 886 1231 951 «olii
1249 909 1307 952 oo·

148 1004 281 1080 noles»,
303 1002 372 1069 VII.
384 1000 422 1079 9,
438 1004 477 1064 18
492 999 578 1088 etc).
598 1000 688 1063 Nullo
704 999 772 1063 loco
788 983 969 1063 nominatim
984 999 1123 1085 designat
1140 1001 1305 1069 maximos.

148 1118 266 1195 Livius,
289 1116 344 1202 qui
366 1114 488 1177 sibimet
516 1114 580 1198 ipsc
610 1136 700 1201 saepe
731 1112 934 1192 contradicit,
966 1116 997 1179 in
1029 1115 1088 1179 boc
1113 1116 1219 1179 saltem
1247 1116 1306 1181 sibi

147 1235 241 1297 voluit
263 1243 417 1307 constare,
439 1241 495 1306 ut,
515 1250 612 1315 quum
635 1228 764 1292 conates
785 1226 974 1312 Pontificum
996 1240 1116 1294 tantum
1139 1251 1201 1294 nou
1231 1240 1326 1319 totos·

147 1348 295 1411 interiisse
318 1344 432 1420 tradat,
467 1343 589 1409 eosdem
620 1362 659 1405 oc
681 1341 776 1407 semel
801 1340 927 1427 quidem
955 1341 1098 1408 laudet».
1131 1342 1187 1429 (ct.
1207 1342 1250 1409 id.
1272 1365 1303 1428 p.
1421 1431 1424 1437 ³

147 1465 232 1527 uter
245 1464 324 1539 tlt,
348 1459 403 1524 ubi
423 1460 514 1522 etiam
538 1458 669 1522 dubium
692 1468 812 1532 movet,
845 1478 884 1519 an
905 1457 990 1520 Livio
1012 1453 1144 1541 patuerit
1167 1455 1206 1520 ad
1221 1477 1305 1520 com·

145 1577 308 1640 meritorios
327 1572 512 1639 Pontificum
532 1571 656 1659 aditus.)
681 1572 744 1636 Aut
765 1571 871 1647 fallor,
903 1580 957 1633 aut
987 1568 1081 1633 habes
1109 1568 1308 1635 confitentem

147 1712 251 1767 reum;
273 1688 367 1753 habes
389 1689 501 1765 etiam,
523 1689 578 1774 qui
599 1687 720 1750 sibimet
741 1686 806 1771 ipse
826 1686 905 1749 miro
916 1683 1007 1748 modo
1037 1705 1097 1748 non
1114 1696 1240 1749 constet.
1266 1686 1307 1751 Ut

147 1816 252 1869 autem
273 1805 364 1881 scias,
387 1825 481 1891 quam
498 1803 557 1867 sint
581 1804 679 1865 variae
702 1799 893 1865 eruditorum
910 1802 1096 1877 sententiae,
1118 1801 1208 1865 verba
1231 1802 1306 1867 affe·

147 1941 212 1984 ram
235 1919 377 1983 Harlessii
398 1921 419 1985 Ι.
441 1919 463 1983 l.
490 1940 521 2004 p.
554 1920 613 1981 55:
649 1916 751 1982 «Cum
791 1915 857 1979 aliis
887 1927 954 1980 tum
984 1916 1096 1979 Pictori
1125 1915 1306 1981 vindicanda

147 2044 234 2112 suut,
257 2035 379 2120 siquae
402 2033 504 2097 Livius
525 2043 578 2096 aut
609 2031 641 2094 in
671 2052 826 2094 «omnes»
861 2042 914 2094 aut
953 2030 986 2093 in
1036 2031 1303 2096 «vetustissimos»

147 2158 200 2212 aut
221 2150 253 2211 in
278 2147 505 2213 «vetustiores»
528 2147 635 2210 saltem
660 2156 854 2209 «auctores»
884 2143 993 2209 cadere
1022 2145 1221 2211 coufirmat».
1248 2147 1304 2210 Sui

147 2273 249 2326 tamen
261 2262 337 2325 iuris
356 2271 400 2324 est
420 2262 604 2338 Harlessius,
625 2262 679 2349 qui
702 2262 815 2346 primas
839 2270 957 2323 tanturn
978 2260 1011 2322 in
1031 2260 1161 2324 Fabium
1171 2259 1303 2339 deferat,

146 2397 164 2439 a
182 2375 269 2439 Livio
289 2375 449 2462 aliquoties
466 2374 634 2440 laudatum.
655 2375 752 2439 Aliter
769 2373 1000 2451 Lachmannus,
1019 2375 1075 2461 qui
1091 2395 1189 2463 quum
1206 2396 1305 2442 onoc·

109 2486 112 2493 ’
149 2488 193 2553 los
214 2489 369 2555 mocimus
389 2490 503 2555 abitio
521 2488 671 2553 adhibitos
683 2499 776 2573 negot
792 2486 838 2574 (1)
854 2511 861 2550 :
887 2488 979 2553 «lton
996 2489 1165 2554 enimcum
1177 2488 1305 2556 annates

147 2604 287 2690 antiquos
307 2603 427 2683 laudat,
449 2604 569 2692 inquit,
590 2603 628 2669 dc
650 2604 790 2668 maximis
812 2604 871 2669 illis
899 2602 1135 2690 intelligendum
1157 2616 1202 2670 est
1230 2627 1303 2671 cum

147 2718 305 2795 Sallierio‚
327 2719 464 2796 Hookio,
487 2720 564 2786 aliis.
586 2720 623 2782 Et
641 2717 724 2782 baud
747 2720 810 2782 scio
832 2741 871 2782 an
892 2732 974 2784 recte
1008 2719 1141 2785 Beclrius
1169 2721 1200 2783 in
1231 2722 1305 2807 Epi·

148 2833 218 2896 crisi
237 2831 275 2896 de
297 2833 335 2898 H.
356 2834 394 2896 R.
413 2832 557 2919 antiquae
578 2833 712 2898 fontibus
729 2834 811 2919 Lips.
840 2837 922 2898 lora
947 2857 976 2919 p.
1006 2836 1035 2899 X
1062 2835 1099 2898 ad
1129 2835 1184 2900 bos
1211 2836 1304 2900 etiam

148 2947 259 3010 reserat
270 2968 306 3010 ea
317 2995 325 3024 ,
338 2968 417 3033 quae
428 2945 511 3031 apud
523 2947 603 3011 Gell.
616 2946 670 3015 Vl.
683 2950 719 3026 7,
739 2948 779 3012 ll.
806 2954 854 3024 11,
869 2949 997 3016 Varron.
1011 2950 1045 3015 t.
1056 2947 1090 3014 L.
1103 2950 1141 3016 V.
1158 2951 1211 3026 10,
1224 2951 1304 3016 Plio.

147 3061 292 3128 XXXIV.
306 3063 326 3124 6
346 3083 382 3123 er
402 3061 536 3148 antiquis
546 3061 707 3125 annalibus
723 3061 893 3125 afferuntur
903 3084 933 3128 i).
955 3063 1044 3145 Quae
1061 3064 1196 3129 Clericus
1212 3067 1307 3130 lermc

147 3175 275 3263 quidem
306 3174 446 3259 probavit
481 3173 524 3261 (p.
549 3173 602 3262 54)
631 3173 697 3262 (t),
725 3176 778 3240 sed
800 3178 843 3240 ita
864 3189 986 3242 secutus
1003 3189 1065 3256 est,
1098 3191 1132 3242 ut
1158 3201 1237 3266 quae
1266 3179 1305 3243 de

148 3293 270 3376 Regum
284 3291 450 3376 primisque
470 3290 516 3354 rei
535 3290 677 3376 publicae
694 3291 882 3376 temporibus
896 3293 1012 3357 aLirio
1036 3303 1216 3370 narrantur,
1239 3293 1306 3378 ple-

185 3601 223 3671 (1)
242 3599 318 3655 Idem
334 3601 430 3657 statuit
460 3598 587 3669 Krusius,
611 3601 713 3657 dissert.
743 3601 775 3657 rie
804 3601 855 3657 fide
879 3601 939 3658 Liv.
968 3601 1002 3658 II
1026 3622 1052 3677 p.
1078 3605 1126 3672 ta,
1156 3605 1199 3659 to.
1225 3602 1307 3660 Plura

149 3703 238 3756 autem
252 3703 433 3769 monumenta,
452 3719 468 3755 a
484 3700 562 3757 Livio
579 3699 715 3771 neglecta,
732 3704 850 3756 recenset
866 3701 1065 3769 Lachmannus,
1082 3701 1114 3757 dc
1136 3701 1215 3758 fontt.
1244 3702 1305 3782 Iriv⁸

151 3798 210 3872 Ip.
237 3800 271 3855 10
298 3818 371 3870 sqq,
390 3798 418 3853 iu
436 3797 627 3854 cuiusiudicio
645 3799 677 3854 de
695 3799 794 3855 Beckio
812 3803 921 3873 apparet
941 3803 1056 3860 ircctei
1076 3818 1122 3874 per
1139 3817 1252 3856 errorem
1269 3800 1306 3856 di-

151 3902 225 3954 ctum
242 3917 297 3954 esse
314 3917 361 3973 pro
382 3897 495 3956 amalos.

98 4021 102 4028 ·
185 3999 223 4069 (2)
241 3997 323 4052 Hunc
345 3995 431 4052 locum
455 4013 533 4069 supra
549 3996 698 4068 cogitabam
714 4016 741 4068 p.
761 3997 814 4064 20,
837 4015 906 4052 nunc
931 3996 1083 4052 describam.
1103 3994 1230 4054 uJ'oooue
1247 4011 1306 4066 que,

150 4097 204 4152 loto
227 4097 257 4151 de
273 4097 351 4167 faire
375 4114 462 4150 comare
486 4094 607 4150 Theodoro
630 4096 742 4167 Boetius
762 4093 805 4164 (de
823 4094 914 4167 primis
930 4094 1026 4150 Italiae
1043 4093 1155 4163 colonis,
1172 4112 1195 4152 c.
1212 4094 1258 4164 10)
1276 4111 1308 4148 ou

147 4195 260 4250 d’outrea
285 4196 457 4265 compiloteora
476 4212 527 4264 peu
550 4192 659 4260 scobes,
684 4195 727 4263 qui
746 4197 869 4263 pressent
888 4210 955 4263 pour
977 4193 1020 4247 dea
1043 4197 1120 4248 lectos
1143 4193 1250 4247 certoim
1266 4192 1309 4246 der

151 4293 264 4348 Annales
279 4297 333 4347 tous
348 4311 407 4347 ceos
419 4295 463 4364 qui
476 4296 531 4347 sont
549 4289 662 4361 indiques
675 4294 859 4361 poreesoiols,
878 4287 1041 4362 pontificales
1058 4287 1136 4356 libri,
1154 4307 1185 4342 ou
1203 4286 1306 4359 antiqui

151 4389 284 4457 Annales,
309 4408 341 4444 ou
358 4392 506 4460 simplemeot
523 4387 656 4456 Annales,
670 4391 701 4460 je
714 4390 861 4460 peoeterois
876 4387 961 4458 plectit
975 4407 1040 4458 poor
1059 4390 1085 4443 lo
1102 4390 1207 4457 critique
1223 4388 1306 4459 ripoa-

151 4507 220 4548 reuse
246 4490 276 4544 de
300 4488 457 4555 Lachmann,
486 4490 529 4559 qui
555 4487 633 4542 bldme
651 4487 860 4553 tollebatur,
879 4486 1080 4554 avocabat,
1098 4485 1196 4541 d'oooir
1213 4505 1256 4542 m
1274 4489 1308 4543 les

151 4591 275 4642 retrocco
292 4603 437 4643 auauconr
454 4601 524 4642 anor
541 4583 751 4652 miounuunnr
762 4585 826 4640 door
847 4585 988 4649 itte-Lien
1011 4588 1036 4637 et
1047 4584 1078 4654 je
1095 4584 1221 4640 tamaii
1239 4584 1255 4639 ὰ
1274 4605 1308 4639 an
