3150 5275
750 468 787 529 19

188 666 343 749 ptinuem,
366 664 471 751 quales
500 674 589 737 sunt,
614 656 814 747 praetersoic
835 661 998 751 cespiacii
1028 664 1124 754 ἱερῶν
1152 661 1341 756 συγγραφάς

186 782 304 847 Numae
342 780 416 867 (rid.
452 802 480 863 p.
505 777 559 866 8),
588 768 607 843 ὁ
634 769 714 865 παρ’
741 770 952 866 Ἀρχιερεῦσι
983 779 1097 862 πίναξ,
1129 773 1343 870 Ἶεροφοοτῶν

164 892 332 983 γραφαί,
360 890 448 981 ἱεραὶ
470 890 590 975 δέλτοι,
612 892 698 983 ἱεραὶ
719 890 845 975 βίβλοι,
872 905 903 957 et
924 895 986 957 iam
1008 893 1096 981 lepori
1112 894 1165 960 nod
1184 885 1341 961 ἀπόθετοι

189 1006 309 1089 βίβλοι.
319 1008 388 1071 Esse
402 1018 506 1071 autem
518 1000 609 1095 ἱεροῖς
619 1007 755 1090 βίβλους
778 1008 909 1073 vidimus
924 1009 966 1095 (p.
982 1011 1034 1097 16)
1046 1010 1219 1096 pontificios
1238 1010 1343 1089 libros,

69 1196 72 1205 Ι
188 1125 242 1210 qui
266 1136 366 1189 tamen
388 1126 523 1201 cnloco,
547 1145 641 1209 quem
663 1144 746 1187 nuuc
778 1124 1007 1203 examinamus,
1031 1129 1191 1193 manifesto
1212 1099 1340 1194 iridieati

188 1262 249 1305 non
271 1252 351 1307 sunt.
375 1242 415 1304 At
435 1263 497 1328 qua
515 1236 639 1303 taudem
652 1238 713 1301 veri
726 1238 828 1322 specie
839 1238 869 1301 id
883 1260 995 1305 nomen
1007 1244 1197 1327 explicemus
1215 1245 1344 1309 asnoios

188 1354 362 1433 maximos,
392 1377 467 1441 quos
496 1354 663 1443 Octaviano
693 1352 880 1437 Imperatore
903 1344 1087 1429 ἀποθέτους
1107 1356 1210 1421 dicere
1233 1360 1286 1421 cui
1308 1360 1341 1424 in

190 1481 324 1535 mentem
338 1471 494 1535 venisset?
514 1467 597 1551 Quid
621 1464 732 1552 plural
747 1466 938 1553 Cogitantem
960 1488 1040 1553 quae
1053 1488 1141 1553 porro
1162 1468 1344 1555 disputanda

188 1596 275 1661 sunt,
300 1586 346 1649 uti
368 1583 426 1647 boc
440 1582 579 1667 exemplo
594 1582 728 1659 iuvabat,
741 1604 804 1669 quo
815 1582 1005 1648 ostenderem
1016 1633 1024 1661 ,
1037 1584 1154 1648 incerto
1165 1584 1236 1649 libri
1253 1587 1343 1653 titulo

189 1718 283 1783 quam
304 1719 411 1783 parum
434 1697 598 1782 fragmenti
620 1696 751 1761 alicuius
766 1697 870 1761 sedem
892 1700 1054 1783 quaerenti
1076 1701 1138 1763 solo
1160 1714 1343 1786 argumento

190 1806 347 1877 fidendum
369 1812 416 1877 sit.
439 1812 542 1875 Livius
563 1811 645 1875 enim
668 1812 723 1879 lV.
748 1815 778 1877 7.
805 1815 844 1876 10
873 1835 959 1899 sqq.,
990 1812 1157 1878 eorundem
1179 1814 1345 1882 Consulum

191 1930 346 1994 mentione
368 1929 470 1992 illata:
505 1950 523 1991 ο
532 1928 585 1991 Η11
607 1926 809 2004 Consulibus,
832 1928 954 2014 inquit,
978 1948 1051 1991 cum
1074 1927 1258 1995 Ardeatibus
1280 1932 1345 1995 foe-

190 2042 246 2107 dus
278 2052 457 2106 renovatum
487 2030 554 2117 ¹est;
589 2041 683 2127 idque
712 2046 905 2105 monumenti
937 2053 1001 2118 est,
1032 2042 1175 2107 Consules
1207 2066 1258 2109 eos
1290 2045 1345 2109 illo

191 2162 272 2223 anno
311 2159 422 2235 luisse,
455 2159 509 2245 qui
542 2178 644 2243 neque
674 2158 719 2247 in,¹
736 2156 901 2221 annalibus
930 2156 1037 2241 priscis
1065 2178 1168 2243 neque
1195 2157 1228 2221 111
1261 2157 1346 2223 libris
1385 2218 1387 2222 .

191 2273 421 2357 magistratuum
444 2271 652 2337 inveniuntur.
675 2268 790 2347 Credo,
822 2269 905 2356 quod
936 2270 1065 2335 Tribuni
1095 2272 1228 2336 militum
1258 2273 1351 2339 initio.

192 2388 266 2449 anni
288 2386 432 2461 suerunt,
456 2407 514 2459 eo,
538 2385 665 2469 perinde
687 2406 724 2449 ae
746 2386 770 2449 si
793 2396 890 2448 totum
913 2406 1029 2449 anuum
1056 2385 1088 2449 in
1118 2386 1247 2473 imperio
1276 2388 1346 2451 sue-

191 2500 272 2577 rint‚
303 2498 436 2563 suffectis
468 2500 514 2563 tris
547 2498 749 2577 Consulibus,
785 2500 993 2583 praetermissa
1024 2500 1148 2565 uomina
1177 2501 1344 2567 Consulum

191 2612 312 2680 horum.
346 2614 481 2679 Licinius
509 2614 611 2678 Macer
638 2624 745 2678 auctor
773 2624 838 2691 est,
868 2624 899 2677 et
926 2615 958 2677 in
981 2613 1103 2679 foedere
1126 2614 1292 2682 Ardeatino
1314 2629 1345 2682 et

192 2733 225 2796 in
248 2730 351 2796 linteis
374 2729 463 2796 libris
483 2730 522 2795 ad
543 2733 681 2794 lllonetae
713 2729 876 2794 inventa».
906 2723 1058 2795 Haeccine
1076 2730 1157 2795 clara
1181 2744 1211 2796 et
1240 2745 1345 2818 aperta

192 2845 288 2910 sunt?
318 2847 433 2910 Tamen
455 2845 488 2916 iu
510 2845 680 2930 fragmenta
710 2842 872 2906 annalium
902 2844 1110 2910 maximorum
1142 2858 1208 2912 tum
1231 2849 1344 2935 Diony·
1433 2845 1436 2852 ’

190 2961 226 3024 sii
260 2960 386 3037 locum,
419 2969 485 3023 tum
518 2959 594 3022 Livii
625 2958 760 3023 Clericus
807 2957 849 3044 (p.
885 2959 927 3020 95
961 2980 1025 3045 sq.,
1062 2965 1145 3040 108,
1186 2963 1262 3051 358)
1296 2965 1344 3028 in-

190 3074 294 3152 fersit,
325 3073 378 3137 sed
408 3096 499 3138 causa
526 3085 626 3138 motus
649 3072 806 3158 singulari.
829 3073 982 3137 Nimirum
1016 3079 1133 3163 scripsit
1165 3081 1242 3144 alter
1276 3073 1347 3147 crin

190 3185 223 3253 ἐν
246 3178 390 3261 ἀπάσαις
422 3185 753 3275 χρονογραφίαις,
789 3189 985 3270 ‹raequeio
1013 3193 1179 3286 casulibus
1210 3194 1341 3278 priscis»

189 3304 266 3367 alter
292 3301 350 3391 (1).
373 3301 546 3388 Significari
568 3303 654 3388 apud
679 3283 855 3390 Dionysium
879 3303 975 3370 libros
994 3305 1122 3386 linteos,
1153 3310 1209 3396 qui
1226 3308 1345 3373 ‘dicun-

192 3434 262 3500 tur‚
285 3444 345 3485 non
368 3420 447 3506 sugit
470 3420 637 3483 Krausium
658 3441 688 3504 p.
712 3422 773 3496 263
799 3420 854 3506 qui
881 3421 952 3484 libri
984 3423 1089 3510 quales
1117 3425 1251 3503 fuerint,
1282 3445 1344 3487 non

193 3535 286 3602 huius
305 3538 365 3600 loci
385 3547 428 3600 est
444 3535 610 3622 inquirere.
633 3513 770 3596 Diversus
782 3533 889 3596 saltem
911 3534 1001 3600 fuisse
1024 3559 1042 3600 a
1064 3537 1345 3604 mootmisooooti-

193 3649 248 3716 bus
270 3651 311 3714 ita
334 3661 470 3728 constat,
493 3660 527 3714 ut
548 3644 708 3712 refutando
731 3667 831 3709 errore
854 3667 981 3728 eorum,
1009 3653 1158 3738 quicum
1181 3651 1347 3718 casulibus

191 3765 258 3830 illos
280 3762 486 3830 confuderunt
510 3761 579 3850 (1),
601 3761 670 3846 plus
692 3759 838 3844 temporis
859 3771 957 3837 terere
980 3766 1086 3830 nolim.

230 4077 269 4147 (1)
287 4075 381 4130 Utitur
398 4071 515 4132 Clericus
532 4088 560 4142 p.
576 4069 610 4124 91
628 4067 708 4123 etiam
724 4067 774 4124 hoe
790 4065 917 4140 lepidiore
934 4059 1232 4136 argumento,debuisse
1239 4077 1344 4134 persua·

193 4194 251 4232 sum
273 4191 329 4230 esse
351 4171 442 4240 Livio,
466 4170 489 4226 si
504 4169 562 4244 ipse
584 4186 615 4223 ea
630 4169 706 4240 parte
722 4167 852 4221 annalium
866 4166 1025 4220 maximorum
1041 4178 1105 4216 usus
1121 4176 1175 4214 non
1192 4157 1242 4225 sii,
1259 4156 1344 4228 profe·

191 4275 256 4330 cisse
273 4291 306 4329 ex
319 4271 423 4340 iisdem,
440 4265 517 4342 quem
533 4270 667 4325 auctorem
683 4269 851 4338 sequeretur,
864 4263 1004 4321 Licinium.
1019 4289 1056 4302 -··
1074 4258 1198 4313 Ceterum
1214 4254 1347 4310 Beckerns

194 4373 262 4444 (lp.
284 4371 318 4426 10
339 4387 400 4424 aun.
422 4369 468 4440 13)
491 4391 503 4418 r
507 4368 599 4439 priscis
611 4364 772 4428 annalibusr
791 4367 909 4420 οιαοίοιοο
923 4359 1064 4432 intelligit,
1086 4357 1126 4413 111
1148 4358 1179 4411 ut
1199 4371 1234 4410 ex
1254 4354 1347 4410 Macro

192 4469 314 4526 silentur.

231 4572 268 4640 (1)
286 4569 398 4626 Factum
415 4567 505 4624 videas
523 4586 539 4622 a
556 4563 705 4633 Dodwello,
724 4562 865 4618 Praelectt.
881 4560 963 4617 Acod.
980 4560 1050 4630 App.
1067 4574 1093 4626 p.
1112 4554 1163 4608 654
1172 4569 1229 4623 sqq.
1238 4549 1348 4607 Addun-
