3150 5275
754 446 793 507 tl

193 669 327 733 nemque
350 666 438 731 ages3
468 645 497 708 id
520 642 602 731 quorl
625 668 679 710 suo
701 646 765 729 ipse
789 643 930 728 exemplo
950 641 1086 707 Clericus
1111 638 1352 703 luculentissime

196 762 345 847 probavit.

241 847 423 938 lanracois
445 873 641 958 scriptoribus
659 873 735 936 duos
756 872 890 937 Clericus
912 873 1040 957 reperit,
1061 873 1115 958 qui
1136 894 1172 936 er
1191 869 1357 935 canalibus

199 988 452 1076 Pontificum'vel
480 989 538 1072 ipsi
566 989 613 1051 vel
635 1010 688 1073 per
709 988 783 1052 alios
806 988 968 1073 profecisse
993 987 1165 1065 videantur,
1193 987 1355 1075 Polybium

199 1117 229 1169 ct
241 1104 436 1190 Dionysium
451 1104 502 1167 cui
524 1104 689 1167 sententies
714 1124 775 1167 non
798 1102 945 1189 estquod
963 1102 1115 1179 adverser3
1140 1101 1191 1165 sed
1211 1100 1356 1188 estquod

196 1220 367 1305 plerisque,
391 1216 504 1303 quibus
525 1216 660 1280 Clericus
680 1206 787 1293 utitur,
807 1218 1013 1302 argumentis,
1035 1229 1069 1281 ut
1088 1228 1186 1280 certos
1205 1216 1353 1301 quosdam

71 1356 77 1368 ·
196 1338 277 1400 locos
298 1358 335 1397 ex
358 1333 405 1396 bis
427 1332 589 1397 annalibus
609 1331 716 1395 ductos
738 1330 885 1396 ostendat.
909 1332 969 1395 Ubi
989 1334 1072 1395 euim
1099 1331 1243 1418 Polybius
1268 1330 1355 1417 (llist.

199 1450 237 1516 V.
263 1450 314 1512 55.
341 1446 386 1533 t),
410 1448 498 1510 cuius
520 1446 611 1509 rerba
632 1445 708 1509 alibi
728 1443 919 1522 adscribam,
938 1444 1184 1535 χροναγραφίας
1193 1446 1354 1520 meminit,

197 1560 367 1635 molestatio
387 1562 419 1623 iu
444 1558 609 1644 parietibus
637 1560 748 1638 lactas,
779 1562 944 1647 quiscum
967 1558 1084 1625 Clerico
1119 1560 1163 1647 (p.
1199 1562 1256 1624 101
1289 1581 1354 1645 sq„

203 1677 265 1741 568
283 1673 340 1762 sq.)
363 1671 502 1757 publicos
525 1674 653 1739 ouantes
676 1676 875 1739 vertenssive
893 1674 1107 1761 chronolopios
1122 1675 1276 1759 publicos,
1297 1674 1356 1738 boc

197 1813 259 1855 uon
285 1791 511 1876 fragmentum,
540 1789 591 1852 sed
620 1782 848 1868 testimouium,
876 1791 914 1854 ad
935 1793 1011 1856 solos
1033 1794 1187 1856 Romanos
1205 1787 1353 1854 traxerit?

198 1905 262 1969 Nec
294 1905 414 1969 felicior
438 1905 492 1967 ille
518 1915 562 1967 est
588 1905 620 1967 in
648 1905 791 1991 Dionysio
822 1905 889 1992 (1),
912 1927 1109 1993 ‘quamquam
1135 1929 1171 1969 ex
1199 1906 1356 1969 seminus

198 2022 389 2107 perspicitur,
412 2043 491 2107 quae
514 2032 712 2083 monumenta
734 2019 774 2083 ab
798 2019 858 2084 boc
877 2023 1022 2108 scriptore
1045 2021 1243 2107 designentur
1263 2020 1353 2083 1111.

198 2135 253 2203 lv.
277 2139 316 2213 2,
339 2136 394 2200 ubi
415 2135 453 2199 de
476 2136 581 2215 Servio
604 2135 704 2199 Tullio
727 2157 899 2220 exponens:
927 2133 1070 2224 Φέρεται
1090 2132 1127 2201 δέ
1147 2155 1214 2213 τις,
1231 2134 1355 2220 iuquit,

197 2246 229 2315 ἐν
249 2252 320 2323 ταῖς
342 2247 572 2338 ἐπιχωρίοις
599 2241 849 2340 ἀναγραφαῖς
875 2247 988 2338 ἕτερος
1015 2243 1100 2338 ὑπὲρ
1120 2249 1179 2338 τῆς
1202 2246 1359 2334 γενέσεως

201 2354 302 2431 crisci
321 2354 425 2452 loyor.
449 2363 476 2426 A
498 2363 615 2429 Clerico
640 2365 683 2452 (p.
709 2367 781 2443 107,
805 2363 880 2450 548)
898 2351 1076 2451 ’ἐπιχώριοι
1096 2353 1285 2450 ἀναγραφαὶ
1304 2383 1357 2425 cr·

204 2479 357 2563 plicantur
368 2477 489 2543 tabulae
501 2477 663 2543 historicae
675 2477 884 2543 Romanorum
902 2488 934 2540 et
950 2477 1079 2541 annales
1098 2474 1298 2561 Pontificum
1318 2477 1359 2540 llt

205 2592 327 2659 tabulae
348 2586 453 2660 δέλτοι
479 2590 523 2680 (t)
557 2603 627 2656 sunt
648 2603 679 2656 et
700 2591 833 2669 πίνακες
864 2603 895 2657 el
917 2589 1061 2673 σανίδες,
1091 2591 1183 2656 etiam
1217 2592 1361 2680 Dionysio

203 2710 240 2799 (l.
265 2711 395 2789 74‚111.
410 2712 467 2786 56,
480 2709 535 2776 IV.
550 2706 617 2796 45).
633 2699 680 2774 Tri
691 2698 868 2796 ἐπιχώριοι
877 2719 981 2772 autem
995 2708 1042 2791 τῷ
1052 2706 1166 2791 ξενικῷ
1176 2709 1352 2793 opponitur.

199 2827 307 2912 ltaque
319 2824 356 2889 de
373 2825 464 2889 rebus
477 2827 684 2889 Rornanorum
706 2822 827 2886 tradens
839 2822 930 2887 bomo
953 2824 1088 2887 Graecus
1111 2825 1209 2910 patria
1232 2825 1354 2890 illorum

198 2953 397 3007 monumenta
419 2952 501 3005 recte
524 2938 641 3002 vocarit
651 2934 848 3023 ἐπιχωρίους
869 2928 1077 3027 ἀναγραφάς,
1101 2960 1198 3025 quum
1221 2940 1356 3004 scribere

199 3055 359 3146 δημοσίας
386 3056 559 3131 debuisset,
589 3055 612 3115 si
636 3052 776 3115 voluisset
797 3049 922 3135 publico
943 3049 1090 3117 indicare.
1115 3053 1240 3120 Verlam
1263 3053 1358 3140 igitur

197 3172 281 3259 apud
302 3172 480 3258 Dionysium
499 3172 532 3234 ιἰι
559 3166 671 3253 patriis
694 3165 901 3231 Romanorum
929 3168 1172 3246 commentariis,
1196 3171 1355 3233 communi

193 3363 365 3436 discreparet,
390 3363 419 3418 in
441 3363 589 3436 fragmenta
609 3385 657 3422 sua
677 3366 757 3422 etiam
777 3383 808 3420 ea
840 3366 970 3438 recipere,
999 3384 1067 3438 quae
1087 3365 1213 3437 leguntur
1237 3366 1281 3423 H.
1303 3370 1360 3435 54;

194 3460 261 3517 VII.
288 3463 318 3528 3,
341 3462 389 3527 163
414 3460 496 3516 VIII.
522 3464 571 3531 54,
596 3464 647 3530 69,
671 3464 718 3531 78;
736 3464 770 3520 X.
797 3465 847 3532 173
869 3463 945 3519 XIX.
968 3464 1016 3531 26;
1043 3463 1146 3520 XXVI.
1165 3468 1190 3522 4.
1208 3464 1354 3520 'Proditaa

196 3557 282 3614 Plinio
299 3559 338 3618 11.
357 3559 389 3618 57
408 3559 472 3614 setis
490 3561 571 3616 habeb
587 3562 708 3634 tetigisse
726 3571 753 3636 p'.
776 3563 837 3621 227.

212 3658 273 3728 ,(1)
309 3655 369 3726 Qus
393 3657 495 3713 ratione
519 3659 548 3714 in
575 3660 701 3735 Dionysio
727 3661 851 3718 universe
878 3661 995 3717 Clericus
1020 3629 1233 3732 amonentem,
1258 3663 1358 3736 optime
1470 3701 1477 3718 .

195 3756 279 3813 disces
296 3757 392 3826 exiis,
409 3776 477 3830 quae
493 3758 618 3831 leguntur
634 3781 659 3833 p.
678 3762 731 3816 104
749 3761 854 3833 sq.‚ubi
869 3760 945 3816 illum
962 3764 1052 3816 monet
1068 3779 1198 3832 nusquam
1216 3762 1359 3833 quidemin

196 3857 313 3914 lontibus
330 3858 385 3914 suis
402 3877 544 3916 memorare
560 3863 663 3916 annales
680 3864 812 3928 ιιιιιαίιιιαι,
831 3859 878 3915 scd
895 3859 930 3915 ad
947 3860 996 3915 hos
1013 3860 1117 3932 saepius
1126 3860 1254 3932 respicere
1262 3861 1361 3929 videri,

198 3962 230 4013 ut
245 3958 296 4014 nisi
311 3960 344 4015 ab
361 3961 434 4033 ipso,
457 3964 487 4016 at
508 3964 578 4016 certe
596 3959 816 4032 ascriptoribus,
840 3977 906 4031 quos
929 3963 1102 4031 sequeretur,
1120 3959 1234 4015 consulti
1251 3959 1360 4015 fuerint.

198 4058 266 4114 Rem
290 4079 315 4131 p.
338 4063 390 4116 110
412 4061 473 4117 inde
495 4061 606 4134 repetit,
638 4059 708 4131 quod
739 4076 793 4113 non
818 4058 905 4113 cuivis
933 4057 1033 4114 homini
1060 4057 1132 4113 adire
1162 4057 1361 4114 commentarios

199 4156 356 4214 Pontificum
373 4158 551 4232 contingeret,
568 4159 648 4231 idque
667 4159 768 4214 Graeco
784 4158 813 4212 in
832 4158 923 4230 primis
940 4162 1010 4214 esset
1026 4157 1138 4215 difficile.

235 4263 273 4332 (2)
291 4260 384 4316 Videri
404 4266 493 4317 tamen
514 4260 671 4334 Dionysium
692 4244 784 4331 ἱεραῖς
805 4243 935 4324 δέλτοις,
963 4279 1029 4333 quas
1047 4259 1131 4316 tradit
1155 4262 1179 4316 Ι.
1206 4261 1240 4318 73
1257 4260 1358 4315 fontem

196 4363 292 4432 fuisse,
313 4381 346 4418 ex
362 4363 457 4435 quibus
474 4361 577 4436 antiqui
593 4361 727 4418 annalium
744 4363 883 4435 scriptores
891 4367 1012 4420 retemtas
1020 4364 1125 4421 fabulas
1141 4343 1355 4436 (0070001)εο-

196 4465 268 4530 rent,
282 4460 397 4518 indicare
412 4462 550 4534 praecipue
562 4463 653 4530 libros,
674 4479 727 4516 nou
746 4463 848 4518 tabulas
869 4461 1049 4531 Pontificum,
1070 4466 1102 4519 ut
1113 4460 1232 4519 Clericus
1243 4461 1359 4528 statuit,

199 4558 277 4636 paulo
294 4562 357 4618 ente
372 4557 454 4627 effeci,
472 4577 497 4632 p.
517 4559 552 4616 17
573 4577 611 4630 sq.
