3150 5275
739 398 780 461 85

177 604 243 666 eius
262 600 438 669 ambureret
461 600 556 684 ignis,
577 596 745 663 dicebatur.
777 597 976 661 Publicanum
1005 595 1213 681 prodigiorum
1241 618 1333 662 causa

131 718 151 728 ’“
176 717 249 781 libri
275 740 293 780 a
325 714 510 779 Decemviris
530 712 625 789 aditi,
654 713 708 798 qui
730 710 932 799 quadraginta
954 711 1118 775 maioribus
1139 710 1241 776 hostiis
1261 712 1333 799 qui-

177 831 236 895 bus
259 832 322 894 Diis
344 830 487 896 Consules
509 826 733 903 sacrificarent,
756 825 934 903 edidemnt;
958 828 1005 891 uti
1025 829 1206 914 supplicatio
1228 830 1333 909 fieret,

175 945 345 1030 cunctique
365 942 556 1029 magistratus
581 943 663 1005 eirca
693 944 797 1006 omnia
827 943 995 1027 pulvinaria
1016 944 1148 1007 victimis
1166 945 1333 1009 maioribus

176 1058 399 1133 sacrificarent,
433 1053 626 1141 populusque
658 1066 819 1121 coronatus
839 1067 924 1120 esset.
945 1056 1076 1136 Omnia,
1098 1059 1143 1121 uti
1162 1060 1334 1125 Decemviri

175 1175 376 1259 praeierunt,
412 1171 535 1235 facta».
568 1170 651 1233 llaec
684 1170 739 1255 qui
772 1170 875 1255 legat,
908 1192 1026 1234 memor
1057 1172 1148 1235 fuisse
1181 1173 1333 1237 Pontificio

175 1288 300 1351 Maximi
330 1284 512 1372 «prodigia,
542 1283 724 1348 fulminibus
746 1286 845 1349 aliove
868 1307 931 1371 quo
953 1288 1020 1349 visu
1042 1287 1150 1365 missa,
1180 1287 1332 1373 suscipere

175 1416 270 1491 atque
302 1424 410 1466 curare
420 1426 436 1464 u
476 1400 551 1489 (Lis.
573 1401 598 1465 Ι.
624 1402 674 1464 20.
698 1398 750 1485 7),
780 1411 923 1485 agnoscet
951 1402 1086 1479 iontem,
1116 1424 1153 1465 ex
1181 1424 1244 1489 quo
1271 1423 1334 1466 nou

175 1504 277 1583 statim
300 1515 446 1604 quidem,
468 1515 520 1579 sed
543 1538 597 1601 per
617 1515 729 1578 rivulos
748 1516 781 1578 in
802 1515 941 1579 Lirianos
962 1518 1083 1581 canales
1101 1530 1172 1581 sunt
1189 1517 1331 1585 deducta.

218 1634 287 1696 Huc
320 1632 383 1695 lere
416 1631 564 1707 redeunt,
599 1650 679 1715 quae
714 1628 752 1692 de
781 1630 898 1694 renone
931 1631 1092 1696 canalium
1124 1633 1333 1697 mocimorum

172 1760 258 1815 certo
280 1748 423 1811 affirmari
445 1758 499 1810 aut
523 1745 718 1831 probabiliter
740 1744 822 1810 effici
843 1757 978 1830 possunt.
998 1746 1045 1810 Ad
1057 1770 1093 1811 ea
1114 1749 1176 1811 iam
1197 1750 1331 1835 exigenti

173 1864 384 1929 testimonium
394 1862 568 1948 Sempronii
582 1860 740 1924 Asellionis
750 1871 782 1924 et
792 1860 884 1924 verba
896 1862 993 1925 Servii
1007 1885 1081 1947 uper
1091 1864 1330 1951 singulosdies»,

171 1977 537 2066 quae,Clericiscntentia
547 1974 748 2058 adscriptam
759 1974 910 2059 prioribus
921 1973 964 2059 (p.
973 1974 1024 2053 29,
1035 1977 1088 2064 lu)
1097 1978 1330 2064 strietimtetigi,

173 2116 250 2157 num
273 2103 357 2156 recto
376 2091 491 2155 iudicio
504 2111 574 2155 usus
586 2066 648 2154 eise
661 2089 795 2155 Clericus
817 2089 959 2153 ridetur?
983 2091 1092 2154 «luter
1111 2113 1178 2169 eos,
1202 2092 1330 2178 «inquit

172 2209 412 2293 Sempronius»,
435 2207 490 2293 qui
510 2204 641 2269 conules
663 2206 837 2290 relinquere
858 2205 1038 2282 voluissent,
1061 2216 1093 2269 ct
1114 2226 1183 2283 eos,
1205 2207 1332 2292 quires

170 2332 276 2408 pestus
297 2321 476 2385 aRomanis
498 2320 686 2405 perscribere
711 2320 813 2384 conati
835 2330 954 2397 essent,
983 2320 1123 2383 omnium
1144 2342 1247 2383 rernm
1270 2319 1330 2384 boc

171 2436 323 2501 interfuit.
353 2435 486 2499 Annales
514 2420 586 2497 libri
617 2432 826 2497 tantummodo
855 2432 939 2519 quod
964 2436 1081 2498 factum
1104 2455 1331 2521 quoqueauno

173 2563 296 2640 gestum
316 2552 370 2629 sit,
391 2574 426 2615 ea
446 2550 708 2623 demonstrabant,
730 2550 761 2614 id
784 2562 829 2615 est
846 2552 932 2638 quasi
950 2551 1006 2638 qui
1021 2548 1156 2612 diarium
1174 2548 1329 2632 scribunt,

171 2689 269 2754 quam
288 2667 397 2730 Graeci
416 2663 601 2756 ἕῳημερίδα
621 2680 737 2733 vocant.
756 2667 851 2732 Nobis
870 2689 931 2730 non
952 2664 1043 2729 modo
1061 2666 1129 2729 satis
1146 2687 1208 2728 esse
1226 2664 1328 2742 video,

171 2781 255 2869 quod
284 2783 400 2845 factum
425 2793 517 2858 esset,
540 2781 572 2844 id
595 2784 808 2867 pronuntiare,
833 2783 885 2848 sed
907 2785 1000 2846 etiam
1021 2805 1083 2869 quo
1104 2783 1230 2846 consilio
1251 2803 1329 2867 qua-

169 2920 232 2984 que
260 2885 375 2962 ratione
398 2908 482 2983 gesta
504 2910 602 2961 essent
625 2898 830 2962 demonstrare
839 2922 869 2962 o.
892 2897 968 2962 lllihi
993 2896 1070 2962 haec
1092 2897 1241 2960 lectitanti
1263 2919 1324 2960 uon

165 3013 294 3098 contigit
321 3011 492 3098 quidquam
524 3013 677 3097 reperire,
706 3013 790 3099 quod
818 3014 915 3099 magis
946 3012 984 3076 ad
1014 3011 1141 3076 uocales
1171 3011 1326 3076 mammos

166 3150 261 3215 quam
293 3126 330 3190 ad
361 3127 435 3190 alios
463 3127 617 3214 quoslihet
649 3129 831 3213 pertineret,
864 3129 1035 3215 frustraque
1068 3131 1101 3192 in
1130 3131 1226 3194 Servii
1256 3130 1325 3194 loco

168 3245 321 3331 quaesivi,
351 3243 434 3330 quod
458 3255 555 3329 posset
577 3243 617 3308 ad
639 3251 707 3307 octo
729 3241 841 3306 diurna
861 3242 970 3328 populi
992 3243 1139 3320 Romani,
1163 3267 1243 3331 quae
1264 3245 1324 3308 illis

167 3360 398 3436 successissent,
421 3359 542 3435 referri,
570 3371 603 3422 ut
632 3358 742 3423 Clerici
773 3381 865 3423 causa
896 3357 954 3422 boc
969 3379 1101 3444 ¹quoque
1123 3361 1235 3424 iterum
1257 3383 1326 3424 mo·

168 3494 268 3537 neam.
309 3471 393 3554 Quid
435 3471 492 3535 sibi
533 3472 624 3535 velint
666 3471 908 3559 haudquaquam
939 3471 976 3536 ad
1018 3474 1120 3536 rivum
1161 3473 1323 3538 resecanda

168 3589 332 3665 Seruiana,
364 3587 478 3652 affatim
516 3589 652 3653 indicant
684 3587 743 3652 hoc
774 3589 841 3674 ipso
873 3589 954 3654 loco.
974 3589 1172 3673 Sempronius
1211 3611 1322 3675 quern-

169 3723 230 3788 que
273 3726 305 3787 p.
339 3706 358 3766 t
399 3704 507 3780 attuli,
549 3703 681 3768 Caesaris
726 3703 958 3767 commentarios
997 3703 1231 3786 interpretatum
1262 3692 1323 3776 scic

164 3813 251 3892 totas
272 3812 460 3908 ἀναγραφάς
479 3819 543 3884 τῶν
564 3817 737 3908 ἐφημέρων
758 3812 880 3908 ippone,
908 3819 1067 3904 Appianas
1088 3818 1127 3882 de
1150 3818 1214 3882 reb.
1239 3819 1318 3885 Gall.

167 3931 283 3997 XVllI.
317 3933 379 4014 Qui
409 3935 529 4018 proprie
561 3957 596 3998 ea
625 3933 706 3998 dicta
738 3945 896 4010 autumet,
929 3933 1006 3997 mihi
1028 3933 1155 4020 quidem
1177 3956 1237 3998 non
1259 3947 1320 3998 tam

169 4048 367 4128 καινοτομεῖν
396 4069 489 4133 quam
520 4051 723 4136 apopompeio
752 4049 881 4113 videtur.
910 4048 979 4111 Alia
1006 4071 1126 4123 rursus,
1157 4071 1258 4134 neque
1281 4049 1322 4112 ita

167 4158 268 4222 aliena
291 4170 412 4238 tamen,
443 4165 520 4250 quin
542 4162 701 4227 commode
724 4165 815 4249 possit
837 4186 909 4227 cum
931 4163 979 4228 bis
1000 4166 1148 4244 conferri,
1181 4165 1256 4229 ratio
1277 4177 1322 4228 est
1373 4211 1376 4215 Δ

168 4274 332 4337 testimonii
363 4276 479 4353 Taciti,
512 4277 595 4364 quod
623 4279 736 4364 legitur
764 4278 961 4358 Anu-XIII.
994 4284 1030 4343 51
1061 4283 1149 4347 init:
1176 4282 1321 4347 «Nerone

169 4387 357 4469 seeundum,
382 4393 415 4457 L.
436 4394 542 4458 Pisone
561 4393 758 4472 Consulibus,
779 4416 879 4479 pauca
896 4397 1043 4460 memoria
1062 4396 1154 4483 digna
1173 4406 1318 4476 evenere3

170 4502 228 4564 nisi
254 4505 306 4566 cui
335 4503 445 4584 libeat,
475 4506 633 4573 laudandis
656 4508 860 4575 fundamentis
882 4522 913 4574 et
934 4511 1086 4590 trabibus,
1116 4514 1185 4600 quis
1200 4495 1324 4578 'molent
1380 4537 1384 4545 ’
