3150 5275
800 458 841 519 30

279 645 375 720 ‘bros
403 645 526 719 dinosci
546 674 582 739 ys
611 654 705 738 θυμῷ
732 677 769 721 eo
791 656 955 734 traducor,
988 669 1021 721 ut
1054 658 1091 723 de
1123 661 1196 725 locis
1228 662 1399 741 absolvam,

240 769 294 856 qui
317 767 400 853 apud
421 767 551 831 Graecos
573 768 755 856 latinusque
779 772 939 856 scriptores
971 770 1143 842 afferuntur
1164 796 1201 838 ex
1224 798 1399 863 χρονογρα-

240 881 348 971 φίαις,
382 874 532 971 ἀρχαίαις
564 878 777 972 ἀναγραφαῖς,
801 883 967 949 actualibus
977 897 1006 948 et
1018 887 1170 950 similibus
1180 891 1396 953 monumentis.

238 998 354 1103 Horurq
387 998 469 1061 enirn
503 997 654 1082 plurima,
686 998 718 1061 in
750 1000 855 1084 primis
884 987 1002 1064 adiectu
1028 1002 1141 1086 priscis
1168 1006 1216 1067 rel
1247 1002 1398 1068 ueteribus

238 1111 349 1189 fretus,
371 1109 421 1173 sed
442 1109 603 1174 annalium
625 1112 707 1175 tituli
728 1122 836 1190 tenax,
858 1114 925 1177 aliis
947 1116 1076 1179 vicissim
1097 1129 1127 1179 ct
1145 1116 1207 1182 dux
1226 1130 1258 1181 et
1276 1140 1396 1194 comes,

237 1227 372 1292 Clericus
403 1227 578 1313 fragmentis
606 1226 768 1291 annalium
800 1226 986 1313 Pontificum
1017 1232 1195 1298 immiscuit.
1226 1234 1264 1297 lit
1292 1244 1394 1298 umen

236 1340 319 1404 idern
345 1378 388 1390 -
414 1341 552 1404 mirabile
582 1341 687 1406 dictu!
718 1378 762 1391 -—
793 1343 893 1428 legem
923 1345 988 1428 ipse
1016 1345 1074 1408 lert
1103 1358 1134 1409 et
1163 1348 1301 1434 religiose
1331 1348 1395 1411 rull

236 1453 408 1531 observari,
441 1476 480 1519 ne
510 1455 570 1518 alia
601 1454 664 1519 huc
692 1457 880 1535 referamus,
915 1460 972 1521 nisi
1002 1480 1082 1546 quac
1113 1460 1224 1525 diserte
1255 1462 1397 1525 dicantur

235 1593 271 1635 ex
294 1568 482 1655 Pontificum
507 1569 672 1633 annalibus
697 1572 791 1654 petita
821 1592 901 1647 esse,
929 1593 966 1635 er
993 1574 1159 1639 annalibus
1182 1575 1332 1659 publicis,
1359 1598 1396 1640 ex

235 1684 401 1764 annalibus
426 1684 574 1749 maxims
600 1684 658 1773 (1).
674 1685 720 1748 ¹Et
742 1706 832 1763 vero,
857 1683 933 1749 buia
958 1689 1011 1751 uoi
1034 1690 1098 1775 legi
1120 1690 1394 1775 obtemperandum

236 1813 290 1879 est,
308 1811 587 1888 quantumcunque
608 1802 717 1886 passim
735 1800 772 1863 ad
793 1802 979 1866 contrarium
995 1804 1118 1868 allicere
1136 1806 1213 1869 ratio
1232 1807 1292 1869 loci
1311 1805 1395 1871 ride·

233 1927 283 1981 tur
315 1916 373 2005 (b).
404 1916 453 1981 nb
482 1916 540 1979 bac
570 1917 638 2002 lege
666 1916 691 1978 si
720 1917 813 1979 sernel
838 1918 1014 1993 recesseris,
1047 1918 1101 1981 ubi
1125 1918 1291 1983 subsistas?
1313 1921 1392 1985 Nam

233 2030 316 2119 quod
341 2032 485 2109 Varroni,
508 2031 591 2118 quud
610 2032 711 2095 Tullio
729 2030 932 2110 condonabis,
955 2032 988 2095 id
1009 2034 1111 2110 Livio,
1136 2034 1251 2112 Plinio,
1273 2034 1390 2113 Gellio,

232 2147 299 2209 aliis
327 2168 438 2232 negare
465 2144 521 2208 tibi
541 2166 608 2208 *nou
635 2145 750 2210 licebit.
777 2146 878 2223 Tum,
905 2147 929 2208 si
956 2156 1090 2232 quatuor
1113 2148 1195 2212 locos
1217 2149 1390 2228 Plinianos,

233 2262 288 2347 qui
320 2282 356 2323 ex
387 2257 552 2324 annalibus
580 2261 731 2339 citantur,
764 2259 804 2323 ad
834 2260 989 2325 maximos
1021 2263 1173 2346 pertinere
1202 2262 1304 2341 dices,
1337 2277 1391 2328 aut

232 2375 338 2440 eodem
362 2377 451 2439 titulo
473 2375 578 2438 allatos
599 2374 706 2439 eodem
730 2376 883 2460 pertinere
909 2376 1047 2454 iubebis,
1071 2389 1164 2463 atquc
1183 2378 1260 2442 adeo
1279 2400 1391 2443 uume-

231 2514 300 2557 rum
326 2493 419 2556 iacies
446 2490 513 2575 plus
544 2489 634 2575 triplo
657 2490 803 2553 maiorem
838 2489 904 2577 (ὅ),
935 2501 988 2554 aut
1016 2489 1056 2554 ad
1084 2492 1246 2556 arbitrium
1275 2493 1390 2558 lubidi-

144 2824 146 2830 ·
231 2797 275 2849 tur
292 2813 308 2850 a
326 2793 427 2850 Olerico
446 2814 472 2866 p.
494 2795 544 2854 133
564 2813 603 2867 sq.
620 2795 781 2865 Bouohnud,
807 2796 887 2852 Mem.
904 2795 937 2850 de
952 2795 1056 2854 l’Acad.
1073 2796 1097 2852 d.
1119 2795 1203 2854 Insor.
1224 2798 1297 2854 Tom.
1322 2797 1388 2854 XLI

230 2914 255 2967 p.
274 2895 323 2962 60,
340 2896 369 2978 pt
385 2892 534 2964 Levesque,
551 2893 614 2950 ibid.
632 2895 704 2951 Turn.
723 2895 755 2950 II
772 2915 798 2968 p.
815 2897 875 2951 322.

267 2997 306 3066 (1)
325 2993 370 3048 Ita
387 2994 468 3049 etiam
484 2993 655 3050 Bellefortius
679 2993 797 3062 conssul,
823 2994 980 3050 adversante
997 2994 1093 3063 Saxio,
1110 2993 1222 3050 Miscell.
1238 2995 1312 3069 Lipr.
1327 3012 1389 3053 nov.

231 3093 262 3146 II
279 3112 305 3164 p.
324 3094 375 3146 456
403 3111 455 3162 sq,
480 3091 525 3163 qui
547 3091 656 3164 proinde
672 3111 698 3164 p.
717 3095 768 3147 646
787 3110 844 3164 sqq.
861 3096 1021 3147 naumurum
1038 3095 1167 3148 annalium
1183 3092 1331 3164 fragmenta
1347 3109 1391 3147 ex·

230 3191 336 3264 plorans
359 3191 494 3263 ingentem
518 3191 689 3263 reliquiarum
712 3209 835 3246 acervum
860 3207 893 3245 ex
909 3171 1081 3265 scriploribus
1107 3191 1261 3264 praesertim
1285 3190 1390 3247 Latinis

230 3289 336 3358 effodit,
363 3307 485 3362 quarum·
498 3289 636 3362 plerasque
661 3288 779 3345 Clericus
804 3288 935 3362 probavit.
961 3288 1039 3358 Quod
1061 3287 1142 3343 verbo
1169 3287 1300 3343 monuisse
1326 3288 1391 3344 sutis

229 3388 305 3445 duco.
322 3389 416 3460 Neque
433 3389 503 3444 enirn
521 3389 643 3456 Saxium,
661 3405 758 3459 magna
774 3386 905 3442 industria
922 3387 987 3442 haec
1004 3390 1183 3461 pomoerium,
1200 3405 1283 3459 usque
1300 3387 1328 3443 in
1350 3387 1389 3443 vi·
1420 3457 1423 3462 Ι

228 3505 301 3543 saera
319 3490 405 3541 terrae
423 3485 497 3557 sequi
512 3485 597 3542 iuvat.

265 3589 305 3660 (l)
326 3589 376 3646 rIl
398 3607 435 3642 me
458 3589 546 3642 semble
570 3588 632 3641 donc
649 3603 696 3657 quc
713 3585 764 3638 l'an
782 3603 812 3639 ue
829 3585 882 3639 doit
899 3585 1020 3640 admallra
1037 3604 1124 3640 camara
1141 3586 1254 3640 Annales
1271 3586 1313 3640 des
1325 3581 1388 3656 pon·

228 3687 290 3758 lifes
308 3705 354 3757 quc
372 3688 406 3742 les
423 3704 543 3758 ouvrapes
561 3685 620 3740 cilbs
638 3702 692 3738 sous
710 3685 745 3738 les
763 3685 848 3738 libres:
863 3680 980 3739 Annales
989 3681 1319 3755 pontificumoupoulificis
1330 3681 1385 3755 [?],

228 3783 345 3841 Annales
361 3783 476 3858 publici,
489 3782 606 3839 Annales
623 3780 745 3848 maximi;
763 3785 788 3835 ab
799 3782 831 3852 je
847 3780 901 3834 u’ai
915 3798 966 3849 pas
983 3797 1027 3833 cra
1045 3780 1129 3834 devoir
1146 3781 1254 3835 discaler
1267 3781 1388 3851 l'opiaiou

228 3885 326 3940 biaarre
348 3885 382 3938 alu
406 3883 559 3939 Holbandais
578 3882 695 3938 Siccama
715 3880 767 3951 (ap.
786 3878 883 3933 Graes.
902 3875 1013 3948 Antiqq.
1032 3876 1109 3931 Rom.
1127 3876 1202 3931 VIII
1219 3896 1245 3949 p.
1263 3877 1324 3950 37),
1342 3878 1383 3950 qa·

228 3981 303 4054 apris
318 3979 425 4036 maximi
441 3982 463 4034 il
471 3981 540 4051 saal
557 3980 670 4052 taujaurs
686 3976 870 4033 sous-anterrdra
886 3973 1017 4047 pontificis
1027 3998 1050 4030 r.
1070 3975 1146 4030 Haec
1163 3974 1281 4032 Clericus
1290 3977 1386 4049 plut,

227 4079 383 4150 quibuscum
400 4077 542 4135 contidisse
559 4077 677 4145 iuvabit,
695 4093 763 4147 quae
780 4073 920 4148 pollicetur
934 4093 960 4145 p.
976 4075 1025 4141 34,
1041 4073 1173 4146 descripta
1180 4073 1250 4129 infra
1258 4094 1284 4147 p.
1295 4077 1327 4130 31
1338 4093 1386 4147 sq,

226 4180 285 4232 tum
307 4194 374 4247 quae
397 4173 529 4230 concludit
552 4193 578 4247 p.
595 4176 661 4228 138:
684 4205 696 4232 n
704 4175 807 4228 Restant
825 4173 899 4239 dona
914 4190 981 4242 pour
998 4174 1119 4242 eapriuar
1137 4174 1172 4226 les
1190 4175 1270 4228 iables
1287 4175 1385 4227 histori-

227 4294 285 4346 ques
303 4276 345 4330 ales
359 4275 485 4346 pontisas,
505 4276 527 4328 la
545 4278 593 4328 nol
611 4271 742 4340 Annales,
760 4277 785 4326 et
803 4273 959 4342 quelqaefois
978 4273 1041 4326 celui
1057 4272 1088 4325 da
1105 4271 1314 4327 commentariis.
1332 4271 1386 4327 Hic

226 4371 310 4444 igilur
327 4389 402 4427 omne
420 4371 550 4428 adiectum
568 4374 737 4443 aspernatur,
757 4369 831 4425 cuins
841 4369 878 4424 rei
887 4388 978 4424 rursus
988 4370 1063 4425 velut
1071 4369 1185 4426 rationes
1192 4370 1278 4426 reddit
1287 4389 1312 4442 p.
1322 4369 1384 4428 ltu.

265 4469 303 4539 (3)
326 4467 451 4524 Testatur
476 4467 593 4523 Clericus
614 4468 670 4540 ipse
693 4486 720 4540 p.
743 4469 791 4522 40:
812 4468 910 4524 nPb'ue
926 4469 1034 4522 lancien
1050 4469 1148 4540 allique
1165 4471 1252 4540 quinae
1268 4486 1300 4521 oa
1317 4470 1388 4540 oiuqt

222 4569 277 4636 sais
301 4569 335 4621 les
361 4568 485 4635 Annales,
510 4568 544 4620 les
561 4568 690 4620 annonas
715 4567 827 4621 Annales
835 4591 858 4622 r.
885 4566 1006 4622 Debebul
1028 4567 1125 4638 igitur,
1148 4587 1182 4624 ue
1199 4587 1216 4625 a
1232 4566 1385 4639 semetipse
