3150 5275
796 412 837 477 58

233 621 399 697 quatenns,
441 613 529 675 initio
566 614 691 689 saltem,
730 612 822 675 etiam
856 635 911 697 per
949 611 1067 675 tabulas
1106 610 1290 675 satisfactum
1330 614 1384 689 sit,

231 728 363 793 multum
385 728 547 813 suspicari,
570 727 720 792 affirmare
742 725 822 793 nibil
844 748 1020 812 possumus,
1044 727 1100 790 etsi
1120 725 1224 791 inillis
1241 728 1380 791 universe

232 842 350 906 nonnisi
383 864 484 906 rerum
514 842 613 926 capita
641 852 743 909 notata
775 864 838 904 esse
864 841 1022 927 probabile
1042 852 1087 905 est
1109 840 1167 928 (l).
1201 842 1301 905 Etiam
1323 862 1384 928 quo

231 978 312 1019 anno
331 957 525 1021 institutores
544 956 651 1033 luerit,
670 956 738 1043 quis
748 954 911 1019 divinando
922 953 1123 1041 assequatur?
1145 954 1202 1021 Vel
1215 956 1258 1018 sic
1269 966 1382 1034 tamen,

233 1068 424 1138 ubidamum
443 1092 471 1135 a.
495 1071 531 1135 U.
552 1072 615 1137 450
637 1069 777 1135 Patribus
806 1070 888 1134 velut
912 1070 1175 1154 surreptasFastos
1196 1070 1383 1155 cogitamus,

227 1204 303 1269 quos
324 1205 507 1270 cognoscere
529 1184 629 1249 Plebis
651 1185 747 1249 multo
767 1185 912 1249 intererat
932 1185 1047 1268 magis,
1067 1180 1207 1246 dubitare
1226 1184 1317 1259 licet,
1340 1206 1380 1247 an

158 1356 159 1359 ,
229 1298 311 1381 prius
343 1320 416 1365 cum
443 1322 479 1363 ea
509 1300 736 1364 communicata
759 1300 796 1363 sit
817 1322 919 1363 rernm
940 1308 1094 1384 gestarum
1117 1298 1280 1375 memoria,
1302 1320 1381 1385 quae

228 1434 282 1495 per
311 1412 429 1477 tabulas
460 1414 615 1479 Pontificio
645 1412 748 1481 fiebat.

273 1526 360 1591 Prius
379 1549 448 1593 rero
467 1548 561 1614 quam
578 1526 750 1593 inchoatam
766 1529 831 1592 albi
843 1528 995 1593 historiam
1007 1527 1180 1604 absolvam,
1193 1527 1324 1592 breviter
1335 1540 1378 1592 est

228 1640 265 1705 tle
289 1640 347 1707 boc
357 1645 558 1708 instrumento
569 1645 634 1729 ipso
644 1640 830 1718 dicendum,
849 1641 932 1729 quod
945 1666 962 1707 a
974 1644 1078 1707 Servio
1090 1642 1220 1708 vidimus
1241 1641 1378 1706 tabulam

228 1754 404 1820 dealbatam
414 1758 523 1821 vocari.
536 1759 614 1842 Apte
625 1758 718 1843 igitur
728 1756 863 1822 Clericus
873 1776 997 1843 quoque
1009 1781 1039 1844 p.
1049 1758 1092 1823 81
1103 1758 1233 1823 contulit
1245 1756 1378 1821 Gracco·

225 1891 293 1933 rum
305 1859 468 1955 λεύκωμα,
488 1893 550 1959 quo
562 1872 704 1949 nomine,
717 1893 756 1935 ne
765 1892 850 1934 nunc
862 1871 922 1934 alia
933 1892 1076 1935 curemus
1092 1869 1144 1957 (cl.
1156 1893 1248 1955 supra
1261 1894 1291 1955 p.
1304 1869 1372 1957 al),

142 1984 146 1994 '
222 1984 396 2071 intelligunt
417 1983 536 2053 artoarto
557 1976 655 2075 γύψῳ
677 1975 901 2072 ἀληλιμμένον,
929 1976 1016 2073 πρὸς
1044 1976 1174 2075 γραφὴν
1200 1982 1373 2052 uolumus

221 2087 418 2186 γραμμάτων
437 2088 626 2187 ἐπιτήδειον.
643 2096 722 2166 Vide
741 2120 769 2164 e.
787 2121 820 2184 g.
838 2098 910 2165 tex.
927 2097 1019 2164 111111
1030 2099 1064 2161 in
1075 2097 1193 2164 Anecd.
1205 2099 1304 2166 neta.
1317 2100 1332 2163 l
1343 2121 1374 2184 p.

222 2216 350 2290 177,15.
364 2214 406 2279 tta
416 2224 520 2281 autem
531 2212 635 2277 tabula
647 2212 680 2275 in
692 2209 782 2276 domo
794 2211 959 2290 Pontificio,
972 2232 1052 2298 quac
1064 2212 1148 2297 regia
1158 2213 1277 2278 Numae
1290 2212 1372 2277 dicta

223 2338 285 2403 cst,
309 2326 346 2389 ad
372 2328 449 2391 viam
471 2348 586 2391 sacram
608 2327 680 2403 sita,
716 2347 811 2411 prope
833 2325 939 2390 aedem
960 2327 1069 2393 Vestae
1097 2325 1264 2417 (beckerus
1281 2328 1303 2393 l.
1316 2328 1372 2393 l.l.

222 2464 253 2527 p.
273 2445 336 2507 115
356 2443 457 2532 sqq.),
492 2443 595 2508 Servio
615 2452 701 2518 teste,
722 2439 885 2525 quotannis
906 2442 1141 2529 proponebatur.
1160 2443 1231 2525 Quo
1247 2441 1374 2530 quidem

223 2556 393 2623 testimonio
422 2558 551 2621 invaluit
579 2556 682 2620 nescio
710 2575 805 2644 quam
833 2578 971 2643 perversa
990 2559 1110 2646 opinio,
1135 2558 1261 2646 singulis
1284 2559 1372 2622 anuis

217 2671 254 2734 ad
276 2683 390 2736 veteres
399 2673 518 2737 tabulas
530 2672 687 2736 accessisse
709 2693 819 2736 noram
830 2720 839 2750 ,
859 2693 935 2758 quas
957 2693 1061 2736 omnes
1084 2693 1196 2758 magna
1217 2694 1292 2739 cura
1308 2676 1370 2739 col-

217 2785 310 2851 lectas
332 2789 504 2853 existimant
524 2789 557 2852 in
575 2788 659 2872 regia
681 2785 729 2849 rel
752 2786 853 2870 potius
875 2786 907 2849 in
927 2787 1004 2850 atrio
1021 2785 1187 2852 Pontificio.
1214 2786 1306 2852 Cuius
1325 2789 1370 2852 rei

217 2920 315 2986 quum
335 2901 457 2965 nullum
484 2922 612 2987 usquam
643 2910 860 2985 argumentum
880 2901 1047 2986 reperiam,
1078 2903 1180 2968 minus
1201 2904 1293 2966 etiam
1312 2923 1369 2965 cur

216 3013 258 3075 ita
281 3035 311 3078 se
334 3011 447 3078 hahere
466 3017 600 3100 potuerit
617 3037 741 3082 causam
763 3016 932 3101 perspicio,
956 3017 980 3079 si
1002 3028 1267 3096 conservarentur,
1286 3016 1368 3103 quod

214 3147 308 3212 quam
328 3127 461 3190 maxime
488 3129 646 3212 probabile
669 3142 731 3210 est,
754 3131 892 3217 exempla
913 3121 1091 3219 ἀρχέτυπα.
1121 3133 1219 3196 Probe
1240 3133 1367 3196 memini

215 3239 333 3304 tradere
366 3242 528 3321 Catonem,
564 3245 672 3332 «quod
700 3247 732 3310 in
762 3245 867 3311 tabula
887 3247 970 3332 apud
994 3245 1173 3312 Pontificem
1203 3246 1368 3310 llaximum

216 3366 288 3419 est»
326 3356 417 3444 (Gall.
445 3360 483 3424 N.
514 3359 550 3425 A.
583 3361 622 3426 ll.
653 3359 695 3426 28
725 3383 747 3425 s.
776 3359 832 3442 f.);
867 3359 919 3424 sed
947 3360 1022 3448 quid
1053 3361 1151 3426 tradat
1181 3361 1365 3440 attendenti,

213 3470 303 3533 scribi
332 3472 363 3533 in
395 3494 430 3534 ea
459 3475 623 3559 «quotiens
653 3496 774 3538 annona
804 3495 874 3537 cara
883 3498 919 3552 1),
956 3485 1039 3537 certo
1076 3475 1188 3539 certius
1222 3489 1367 3562 apparet,

215 3581 353 3646 tabulam
381 3584 410 3646 ei
442 3606 504 3647 esse
531 3609 586 3670 pro
613 3585 764 3652 tabulario
794 3589 855 3653 sive
880 3589 1122 3651 commentariis:
1146 3611 1217 3653 nam
1237 3591 1364 3655 annales

213 3698 367 3765 mammas
386 3698 488 3763 dicere
505 3701 595 3778 (lato,
619 3713 653 3767 ut
665 3706 756 3788 paulo
768 3715 834 3790 post
846 3701 1020 3778 ostendam,
1043 3723 1104 3766 non
1115 3705 1223 3788 potuit.
1243 3706 1363 3772 Vellem

209 3814 264 3900 qui
288 3824 370 3878 tanta
398 3817 478 3902 sylva
499 3816 671 3882 tabularum
699 3829 768 3883 sunt
788 3817 948 3895 delectati,
966 3839 1140 3882 mensuram
1158 3819 1298 3882 fecissent
1317 3819 1363 3882 fa-

208 3938 352 4013 ctamque
362 3949 425 3992 non
435 3930 581 3995 celassent
591 3931 670 4009 atrii,
682 3930 764 4018 quod
775 3933 853 3996 intra
863 3928 1009 3995 ducentas
1018 3943 1227 4019 trecentasque
1238 3932 1285 3997 111
1295 3957 1360 3998 am·

207 4043 288 4126 plius
309 4053 431 4127 caperet
452 4043 567 4130 ligneas
587 4045 716 4114 tabulas.
747 4049 816 4112 Esse
830 4049 862 4111 in
882 4069 919 4112 eo
934 4067 1063 4111 numero
1082 4044 1235 4111 Clericum
1256 4051 1360 4114 minus

243 4339 281 4409 (1)
302 4340 363 4399 ..ste
388 4339 483 4396 liesseu
507 4339 565 4395 dem
590 4340 690 4412 Volke‚
714 4343 741 4399 in
765 4343 946 4416 alljihrlichen
969 4343 1174 4414 Uebersichten,
1191 4365 1242 4402 nur
1259 4364 1287 4402 so
1305 4345 1357 4401 viel

203 4434 289 4493 daran
312 4437 421 4506 wisscu,
440 4437 479 4494 alr
495 4440 569 4494 itaer
585 4443 635 4512 gut
651 4439 751 4526 ditulrte
768 4441 823 4498 und
833 4445 932 4515 jeraa,
950 4442 1018 4500 nach
1034 4441 1103 4502 ihrer
1120 4444 1248 4515 Ansicht,
1264 4448 1354 4503 nitate

200 4533 255 4588 und
272 4533 417 4603 irommtcr,
436 4535 474 4591 ait
491 4535 612 4593 Klotzius
629 4537 674 4595 l.l.
691 4540 787 4612 poso.
