3150 5275
816 406 855 468 58

343 590 438 663 Ἀλια
457 598 490 665 τί
510 600 562 665 δεῖ
584 600 664 688 περί
684 600 786 667 ταῦτα
812 603 1004 692 διατρίβειν,
1035 598 1058 670 di
1077 608 1184 697 σαφὲς
1203 598 1309 688 οὐδὲν,
1332 602 1407 674 οὐδὲ

299 701 474 800 ὡρισμένον
495 706 575 796 ἔχει,
606 713 654 797 τῷ
674 712 729 780 καὶ
748 707 791 781 τοὶ
817 708 993 805 πράγματα
1014 721 1206 808 συγχυθῆναι
1232 720 1296 786 τῶν
1326 712 1408 787 Ῥω-

297 826 402 911 μαίων
428 825 481 892 καί
503 827 722 917 διαφθαρῆναι
742 824 835 903 τούς
862 819 1124 919 Ἶεροφαντιόν
1144 824 1408 921 ὑπομνηματι-

300 934 436 1025 σμοός,
448 933 494 1017 atr
502 940 623 1025 Λίβιος
637 932 801 1031 ἱστόρηκας
819 935 867 1007 Τό
888 934 949 1032 γαρ
959 934 1095 1030 ὕστερον
1103 942 1224 1024 μᾶλλον
1238 935 1314 1011 όντα
1327 945 1409 1034 δῆλα

295 1054 348 1119 καὶ
369 1055 536 1144 καταφανῆ
555 1047 689 1121 δεικνύει
709 1048 765 1145 την
785 1046 882 1143 τόχης
904 1048 1066 1139 εόμένειαν
1085 1064 1140 1137 (1).

258 1226 348 1309 Quod
381 1238 483 1291 autem
515 1240 579 1313 posi
599 1230 710 1293 multos
728 1230 802 1293 alios
821 1228 994 1307 Beckerus,
1015 1230 1036 1293 l.
1057 1230 1078 1295 l.
1099 1230 1115 1291 l
1139 1251 1168 1314 p.
1192 1233 1231 1308 8,
1251 1240 1407 1294 auctorem

254 1343 359 1408 laudat
389 1341 552 1421 Clodium,
582 1342 664 1428 apud
695 1342 895 1407 Plutarchum
931 1344 993 1411 vit.
1029 1345 1121 1408 Num.
1154 1346 1189 1421 l,
1221 1344 1253 1407 id
1284 1356 1409 1411 eatenus

255 1471 375 1524 rectum
404 1469 468 1537 est,
501 1469 534 1521 ut
554 1459 725 1543 fragmento
746 1457 844 1523 Clodii
865 1458 989 1523 Liviana
1010 1460 1148 1522 universe
1170 1458 1406 1523 confirmentur:

253 1575 306 1637 ille
338 1573 421 1638 enim
452 1570 490 1635 de
526 1568 704 1655 στέμμασιν
735 1575 818 1657 agit,
842 1573 961 1637 Gallico
982 1576 1118 1639 tumultu
1149 1573 1314 1660 deperditis
1350 1574 1408 1663 (α).

254 1687 314 1752 Sed
336 1685 412 1775 quid
443 1685 501 1751 hoc
527 1685 567 1749 ad
595 1696 804 1750 commentum
835 1687 943 1751 Clerici
969 1687 1012 1775 (p.
1038 1692 1077 1751 52
1101 1711 1164 1775 aq„
1188 1688 1255 1776 70),
1279 1691 1334 1776 qui
1356 1711 1409 1754 ve·

254 1814 354 1882 retur,
377 1824 416 1867 ne
435 1801 584 1886 pleraque
604 1801 735 1866 diceudo
757 1803 888 1866 nimium
908 1803 1010 1894 Livius
1031 1802 1156 1881 dixerit,
1180 1804 1297 1867 scilicet
1318 1825 1405 1889 prae·

255 1919 381 1984 tendens
409 1919 565 1983 interitum
596 1915 773 1994 canalium,
805 1938 867 2003 quo
896 1918 991 2003 magis
1019 1918 1140 1982 aridum
1165 1929 1258 2005 atque
1279 1916 1409 1981 arduum

255 2032 365 2098 horum
384 2034 531 2097 librorum
544 2031 678 2095 studium
698 2033 756 2117 ipsi
775 2034 953 2118 neglectum
974 2033 1154 2098 excusaret?
1175 2034 1241 2097 Hoc
1263 2033 1408 2095 nimirum

255 2150 293 2211 ait
319 2150 472 2234 imputare
494 2147 597 2223 livio,
620 2146 703 2232 quod
721 2148 814 2233 vulgo
832 2160 960 2226 vocant,
976 2147 1173 2212 mendacium
1192 2148 1239 2211 sui
1257 2144 1410 2210 commodi

255 2254 361 2349 gratia.
391 2264 477 2325 Hanc
509 2262 663 2325 maculam
693 2260 777 2326 Livio
799 2263 824 2325 is
845 2261 1016 2349 adspergit,
1040 2263 1093 2350 qui
1115 2272 1159 2326 lot
1178 2261 1294 2326 indicia
1313 2281 1410 2324 αππα-

298 2530 463 2602 (l)Inlibris
475 2533 531 2583 est:
549 2518 594 2601 τῷ
614 2516 662 2578 καί
679 2513 719 2580 τοί
737 2508 860 2600 πρόγμ.
879 2521 993 2602 διαφθ.
1014 2521 1076 2583 τῶν
1093 2516 1197 2602 Ῥωμ.
1216 2522 1266 2583 καί
1283 2526 1409 2602 σνγχνθ.

258 2616 328 2695 τούς
343 2613 392 2681 ὑπ’
412 2614 512 2680 αὐτῶν
524 2610 677 2702 dumblan·
702 2634 741 2689 Ar
766 2634 888 2690 abhorret
916 2655 932 2690 a
957 2635 1086 2706 veritate,
1105 2656 1135 2692 eo
1152 2642 1269 2710 tempore
1284 2637 1410 2692 Romanis

256 2717 294 2786 ‘cll
315 2710 479 2804 πράγματα
498 2721 721 2804 διαφθαρῆναι,
740 2755 788 2792 nee
807 2738 1004 2794 commentarios
1022 2739 1115 2795 Livius
1133 2740 1196 2796 dicit
1213 2727 1408 2808 συγχυθῆναι.

257 2838 330 2894 Huic
348 2837 429 2908 igitur
447 2811 588 2904 συγχύσει
606 2834 745 2889 verborum
764 2836 883 2891 medetur
898 2838 1083 2910 transpositio:
1101 2858 1162 2894 nam
1176 2839 1275 2895 locutio
1291 2831 1410 2915 σνγχεῖν

257 2923 295 2988 τό
316 2915 479 3009 πράγματα
505 2945 532 2994 et
557 2940 639 3012 proba
665 2945 692 2996 et
717 2940 875 2997 Plutarohea
898 2947 952 3010 est,
976 2948 1008 2999 ut
1028 2944 1104 3001 docet
1126 2947 1253 3003 Baehrius
1275 2951 1364 3003 annot.
1381 2947 1410 3001 in

259 3042 350 3127 ¹Pyrrh.
369 3062 395 3114 p.
413 3043 472 3098 193.
494 3043 649 3099 Emendatio
667 3048 756 3100 autern
771 3025 960 3115 Ἱεροφαντῶν
982 3067 1030 3119 pro
1060 3029 1110 3097 ὕπ’
1125 3031 1225 3098 atvar
1249 3057 1332 3108 semet
1348 3052 1407 3125 ipsa

258 3138 373 3211 explicat
390 3143 417 3194 et
435 3143 535 3196 tuetur.

296 3243 340 3318 (2)
362 3229 505 3315 Κλώδιός
522 3263 567 3316 τις
581 3239 612 3302 ἒν
628 3231 760 3329 Ἐιέγχφ
779 3232 903 3324 χρόνων
922 3235 1016 3324 (οὕτω
1037 3234 1096 3329 γόρ
1116 3269 1182 3322 πως
1201 3243 1411 3332 ἐπιγέγραπται

257 3351 297 3420 τό
319 3354 443 3440 βιβλίον)
472 3353 673 3441 ἰσχυρίζεται,
705 3351 761 3432 τοὶς
788 3354 845 3436 μὲν
876 3347 1007 3443 οἷρχαίας
1046 3357 1156 3436 ἐκείνας
1183 3351 1359 3445 οίναγραφοὶς
1378 3361 1411 3424 ἕν

257 3477 319 3551 τοῖς
338 3477 490 3549 Κελτικοῖς
509 3461 617 3538 addam
636 3472 692 3555 τῆς
701 3460 818 3547 πόλεως
839 3461 1022 3555 ἠφανίσθαι,
1044 3469 1098 3549 τοὶς
1128 3472 1164 3537 δὲ
1194 3477 1246 3537 νῦν
1266 3471 1408 3559 φαινομέ,

257 3613 309 3663 νας
337 3585 389 3651 οόκ
419 3579 539 3672 diadar
567 3588 735 3668 συγκεῖσθαι
756 3579 795 3648 δι’
813 3575 934 3669 οἷνδρῶν
954 3584 1163 3668 χαριζομένων
1191 3589 1269 3652 τισίν
1300 3590 1340 3665 εἰς
1372 3585 1415 3653 τό

259 3702 366 3785 πρῶτα
394 3699 462 3786 γένη
493 3699 542 3764 καί
569 3695 638 3776 τοός
666 3695 916 3785 ἐπιφανεστάτους
944 3699 1041 3777 οίκονς
1073 3703 1105 3778 ἐξ
1134 3697 1171 3768 ου’
1195 3699 1408 3788 προσηκόντων

263 3801 499 3887 ιῖσβιαζθμὲνθις.
522 3820 571 3874 ast
595 3819 687 3891 utique
707 3821 756 3875 hoo
780 3819 959 3875 testimoninm
984 3822 1078 3877 summi
1102 3821 1195 3895 pretii3
1221 3820 1267 3876 sed
1284 3823 1411 3892 quantum

259 3923 390 3977 Beckerus
419 3922 510 3978 Clodio
534 3922 660 3991 credidit,
688 3923 721 3979 ad
746 3943 826 3980 unam
851 3943 939 3980 omnes
961 3909 1142 3992 γέιέαόθγῖας
1168 3923 1316 3995 similesque
1342 3942 1415 3980 com-

261 4021 401 4078 mentarios
426 4023 453 4078 id
476 4023 601 4096 temporis
625 4023 754 4080 interiisse
779 4027 868 4092 ratus,
894 4026 1000 4079 tantum
1024 4022 1143 4095 equidem
1167 4026 1317 4096 contempto
1334 4023 1412 4078 Livio

259 4123 357 4178 homini
379 4123 432 4178 lere
457 4124 547 4195 ignoto
572 4123 675 4179 credere
698 4121 799 4179 dubito.
824 4123 946 4178 Celerum
961 4122 1015 4177 iarn
1032 4121 1161 4189 Clericus,
1177 4121 1239 4177 dnm
1256 4122 1327 4177 tueri
1344 4122 1412 4178 anti·

261 4223 388 4294 quitatem
405 4223 538 4278 annalium
554 4223 711 4279 Pontificum
729 4226 855 4290 conatur,
869 4223 1045 4294 fragmentum
1054 4221 1141 4277 Clodii
1148 4220 1215 4277 bene
1222 4217 1413 4295 interpretatus

262 4326 303 4377 est
327 4343 352 4396 p.
379 4324 412 4377 aa
439 4341 511 4395 sqq,
537 4323 693 4394 impugnans
710 4321 850 4395 populares
866 4340 927 4377 suos
947 4321 979 4376 de
995 4321 1100 4395 Pouilly
1116 4325 1144 4377 et
1161 4322 1255 4378 Sallier
1273 4323 1363 4394 (Mem.
1380 4323 1413 4378 de

259 4421 360 4478 l'Aoad.
386 4422 410 4478 d.
427 4422 511 4478 Insor.
529 4425 556 4476 et
571 4421 632 4477 bell.
654 4421 725 4477 lettr.
743 4422 777 4480 17
780 4423 829 4489 22,
848 4421 920 4477 Tom.
938 4421 1007 4492 VI),
1026 4439 1136 4492 quorum
1153 4421 1231 4478 alleri
1248 4421 1355 4478 Clodius
1372 4421 1410 4477 vi·

262 4541 306 4576 sus
321 4526 361 4578 est
379 4523 412 4578 ad
430 4525 532 4579 ονινιαία
543 4522 700 4594 respexisse,
722 4523 799 4578 alteri
811 4525 903 4578 auctor
920 4521 1001 4576 fnisse
1020 4519 1105 4577 Livio.
