3150 5275
819 422 858 482 10

304 620 394 702 Quae
423 642 511 707 porro
539 623 691 707 pertinent
719 620 757 685 ad
778 621 858 686 banc
878 620 916 685 de
937 618 1164 685 commentariis
1185 618 1412 705 quaestionem,

262 738 323 801 sire
343 747 439 800 totum
459 736 643 802 tabularium
665 758 702 800 eo
722 736 846 801 nomine
867 735 1033 829 intelligas,
1053 756 1106 797 seu
1128 733 1281 797 conlectos
1303 731 1412 807 libros,

262 861 328 914 tum
357 850 499 929 afferam,
526 872 624 938 quum
654 850 693 915 de
726 849 816 914 libris
846 847 1032 932 Pontificum
1062 849 1238 927 absolvero,
1267 847 1412 933 quoiam

263 966 327 1029 sine
349 987 433 1030 mora
453 988 557 1051 pergo.

304 1078 395 1160 Quod
415 1079 505 1163 paulo
524 1090 594 1143 ante
615 1078 909 1155 animadvertebam,
931 1100 1003 1142 cum
1036 1076 1125 1141 tibris
1144 1073 1330 1160 Pontificum
1350 1073 1412 1135 sire

260 1192 428 1279 pontificiis
463 1205 571 1258 natura
602 1195 783 1258 coniunctos
811 1195 901 1258 luisse
925 1188 1174 1267 commentarios,
1204 1211 1235 1251 re
1258 1185 1337 1251 nihil
1359 1184 1415 1249 ba-

263 1307 362 1371 buisse
390 1330 573 1386 commune,
604 1309 636 1373 id
667 1309 709 1373 ita
729 1330 813 1372 nuno
843 1308 978 1393 explico,
1008 1318 1043 1371 nt
1071 1317 1138 1369 acta
1168 1326 1221 1368 sna
1252 1302 1415 1367 Pontifices

262 1432 420 1487 enotarent
436 1425 468 1487 in
487 1421 731 1500 commentariis,
752 1445 828 1511 quos
842 1421 953 1487 deinde
969 1419 1191 1507 perspicuitatis
1208 1438 1300 1481 causa
1311 1435 1415 1481 ramos

262 1536 443 1614 nominabo,
476 1549 601 1624 agerent
635 1558 725 1614 roro,
756 1558 847 1624 agere
882 1536 988 1600 saltem
1024 1534 1222 1599 crederentur
1253 1556 1291 1599 ex
1322 1534 1412 1597 certis

262 1650 446 1738 quibusdam
468 1654 597 1739 regulis,
629 1675 710 1740 quae
739 1653 863 1739 regulae
885 1662 1013 1716 statutae
1034 1671 1071 1713 ac
1096 1648 1297 1734 praescriptae
1318 1656 1416 1710 essent

263 1765 296 1827 in
308 1762 397 1827 tibris
408 1763 602 1849 Pontificum.
614 1766 674 1829 llos
694 1767 807 1852 igitur,
826 1766 918 1830 etiam
936 1764 1118 1850 abantiquis
1134 1764 1223 1849 ipsis,
1244 1759 1412 1846 permutari

263 1879 343 1941 inter
373 1900 403 1942 se
427 1881 574 1965 potuisse,
603 1904 639 1945 er
661 1903 692 1946 se
714 1881 905 1967 intelligitur,
928 1900 1116 1967 quamquam
1140 1877 1198 1941 hoo
1219 1876 1274 1941 ubi
1296 1876 1413 1941 factum

265 1992 318 2068 sit,
335 1992 499 2057 decernere
518 1994 604 2058 nobis
625 2016 714 2081 saepe
734 2006 777 2058 est
797 1993 961 2060 difficilius.
974 1994 1014 2058 Ut
1030 1992 1070 2059 ad
1088 2014 1152 2056 rem
1170 1992 1418 2069 reniam,sacros

264 2126 333 2169 suos
353 2105 446 2169 libros
468 2127 567 2193 quum
589 2119 620 2171 et
640 2109 782 2195 Augures
805 2108 1002 2172 haberentet
1023 2107 1149 2171 omnino
1170 2106 1293 2170 nullum
1315 2126 1416 2169 saeer-

137 2290 146 2309 ·
264 2218 371 2283 dotum
402 2222 567 2309 collegium
595 2244 655 2287 non
685 2221 827 2286 habuisse
853 2221 992 2286 rideatur
1017 2223 1070 2310 (cl.
1093 2221 1236 2286 Peterson
1256 2220 1296 2284 de
1316 2221 1414 2305 origg.

265 2332 334 2398 hist.
358 2336 447 2398 Rom.
472 2358 502 2419 p.
527 2338 567 2399 51
591 2334 690 2422 sqq.),
713 2338 826 2401 mirum
849 2358 911 2402 non
934 2347 994 2413 est,
1017 2336 1184 2401 celebratos
1205 2356 1268 2399 osse
1282 2355 1416 2421 praeser-

266 2447 320 2510 tim
352 2447 524 2532 pontificios
555 2448 614 2511 sire
635 2450 846 2533 pontificales,
868 2473 945 2537 quos
965 2472 983 2513 a
1001 2451 1085 2515 libris
1107 2448 1292 2533 Pontificem
1312 2448 1414 2513 nescio

265 2583 326 2648 quo
356 2561 445 2625 modo
476 2585 573 2651 quare
602 2564 640 2627 de
669 2585 778 2645 causa,
809 2565 862 2630 sed
890 2588 1050 2652 perperam
1077 2564 1236 2654 distinguit
1261 2566 1415 2631 Beclreru's

266 2698 298 2760 p.
321 2680 355 2739 ll
386 2675 444 2763 (1).
477 2677 708 2764 Praecipiebant
735 2680 769 2744 hi
797 2682 888 2761 libri,
920 2704 982 2770 qua
1009 2693 1108 2746 essent
1140 2684 1257 2746 ratione
1291 2703 1416 2769 quoque

263 2955 302 3011 tt.
320 2955 482 3012 Coruncanio
502 2955 614 3025 diserto,
631 2975 697 3028 quae
713 2955 797 3013 tradit
814 2956 922 3014 Tacitus
936 2958 998 3016 dial.
1014 2957 1046 3015 de
1055 2958 1130 3016 Orat.
1138 2957 1290 3015 XXXVII:
1303 2957 1413 3014 uNsscio

264 3071 298 3108 an
314 3053 434 3109 venerint
450 3053 478 3108 in
494 3073 587 3110 manus
607 3059 708 3111 vestras
724 3057 790 3112 baec
805 3060 903 3126 vetera,
921 3076 988 3129 quae
1005 3057 1034 3113 iu
1050 3057 1258 3131 antiquarIorum
1275 3055 1414 3114 bibliothe-

263 3152 300 3209 cis
318 3153 401 3209 adhuc
423 3157 529 3208 manent
550 3157 578 3209 et
594 3173 675 3226 quum
691 3156 803 3212 maxime
819 3174 836 3211 a
852 3155 978 3212 Muciano
993 3157 1184 3214 contrahuntur
1192 3198 1201 3225 ,
1218 3173 1249 3213 ac
1265 3155 1319 3212 iam
1334 3153 1416 3211 unde·

264 3251 327 3319 cim,
347 3255 379 3308 ut
395 3252 502 3325 opinor,
519 3258 630 3308 astaram
647 3253 720 3310 libris
738 3257 766 3310 et
782 3255 869 3311 tribus
885 3254 1056 3328 epistolarum
1069 3254 1212 3327 composita
1227 3256 1254 3308 et
1262 3252 1334 3308 edita
1342 3254 1416 3307 sunt.

232 3337 238 3354 ⁵
265 3347 308 3405 Ex
330 3349 370 3404 his
391 3349 504 3422 intelligi
526 3354 627 3424 potest,
655 3350 703 3407 Cn.
725 3351 880 3426 Pompeium
901 3357 929 3408 et
950 3353 1071 3409 Marcum
1094 3352 1219 3409 Crassum
1240 3368 1294 3406 non
1317 3348 1420 3406 auibus

264 3448 340 3505 modo
367 3453 395 3505 et
423 3449 514 3518 armis,
539 3450 584 3506 sed
600 3450 704 3522 ingenio
721 3469 825 3534 quoque
842 3455 870 3507 et
887 3451 1006 3508 oratione
1023 3449 1152 3519 valuisse,
1168 3447 1298 3504 Lentulos
1315 3450 1344 3503 et
1360 3447 1417 3502 Me-

264 3546 341 3602 tellos
362 3551 389 3602 et
405 3548 530 3605 Lucullos
546 3553 574 3605 et
591 3550 717 3606 Curiones
734 3554 762 3606 et
779 3554 910 3607 caeteram
927 3568 1062 3623 procerum
1079 3567 1186 3605 manum
1201 3547 1316 3604 multum
1332 3547 1360 3602 in
1379 3545 1420 3603 bis

265 3645 358 3701 studiis
380 3665 474 3720 operae
493 3665 620 3719 curaeque
644 3647 774 3721 posuisse,
797 3666 845 3704 neo
866 3665 1021 3721 quemquam
1037 3645 1090 3703 illis
1112 3645 1274 3720 temporibus
1297 3662 1419 3717 magnam

266 3749 410 3821 potentiam
432 3750 487 3806 sine
512 3750 661 3823 eloquentia
683 3756 876 3809 consecutumr.
897 3751 1013 3810 ‚Videtur
1030 3733 1162 3820 aotam
1176 3750 1287 3807 indicari
1307 3753 1418 3805 actorum

264 3846 396 3916 Caesaris,
418 3849 536 3922 Pompeii
558 3849 720 3921 aliorumque
742 3849 769 3904 id
792 3849 889 3904 aetatis
913 3849 1038 3906 virorum.
1070 3849 1164 3905 Sarius
1191 3847 1315 3920 (Miscell.
1339 3848 1417 3921 Lips.

266 3964 327 4002 nov.
347 3946 394 4001 III
414 3967 439 4020 p.
458 3949 509 4006 257
532 3951 581 4020 sq.)
609 3948 721 4004 Senatus
742 3947 941 4004 commentarios
966 3947 1106 4020 significari
1132 3946 1243 4003 censuit.
1267 3947 1340 4003 Utut
1361 3953 1418 4015 est,

266 4050 325 4101 acta
347 4045 438 4101 darno
464 4050 553 4119 papali
574 4049 698 4115 Romani,
724 4047 757 4102 de
784 4046 880 4118 quibus
902 4046 967 4119 Cap.
984 4048 1016 4105 H
1033 4047 1131 4116 dicam,
1148 4066 1284 4122 perperam
1301 4045 1420 4105 Clericus

264 4143 408 4212 intellexit,
425 4164 451 4216 p.
471 4145 536 4213 202,
555 4147 623 4214 239,
641 4146 702 4204 376.

304 4244 342 4314 (1)
359 4243 472 4298 Tantum
495 4243 580 4299 minus
603 4244 753 4315 frequenter
776 4246 926 4317 Pontificum
949 4247 1008 4300 utri
1032 4245 1163 4301 dicuntur.
1180 4245 1233 4315 Qui
1248 4263 1313 4300 vero
1326 4243 1420 4315 legerit

268 4361 334 4414 quae
357 4361 389 4398 ex
411 4341 451 4398 his
467 4342 552 4398 Varro
569 4343 645 4398 affert
665 4343 735 4416 apud
752 4343 861 4399 Festum
878 4363 903 4417 p.
921 4346 973 4399 189
991 4343 1030 4400 ed.
1047 4342 1141 4399 Muell.
1167 4361 1286 4416 quaeque
1311 4341 1417 4414 Mytbo·

268 4442 382 4514 graphas
405 4443 453 4498 ΠΙ
475 4441 565 4510 Bodii,
588 4442 639 4498 VI.
663 4443 695 4496 35
719 4460 745 4514 p.
771 4442 838 4509 196,
862 4440 905 4498 oni
926 4441 1047 4514 scriptori
1070 4459 1147 4513 saepe
1164 4459 1224 4497 cum
1241 4438 1333 4496 Servio
1351 4438 1418 4495 mire

268 4539 404 4608 convenit,
426 4543 454 4596 ot
478 4539 620 4597 contulerit
642 4558 673 4595 ea
692 4557 751 4596 cum
769 4539 923 4611 fragmentis
943 4541 1060 4596 litrcrart
1076 4541 1258 4611 pontificiorum
1281 4535 1338 4593 sive
1359 4554 1421 4608 poa·
