3150 5275
756 432 774 495 7

188 634 350 720 publicum
371 628 553 707 dedicandi,
584 627 673 715 quod·
696 630 754 714 ipsi
772 630 934 694 Pontifices
954 653 1073 717 semper
1094 652 1156 697 nou
1175 632 1273 698 solum
1295 632 1334 697 ad

183 770 251 812 suas
275 745 494 819 caerimonias,
518 740 681 805 sedetiam
703 742 741 806 ad
767 745 873 829 populi
900 746 980 809 iussa
1009 746 1333 812 accommodaverunt:

186 862 304 927 habetis
325 862 357 923 in
381 856 608 923 commentariis
627 860 757 935 vestris,
785 857 818 923 C.
850 858 983 923 Cassium
1013 860 1171 925 Censorem
1192 859 1337 947 designo

187 975 371 1043 Concordiae
402 970 573 1037 dedicando
600 968 639 1034 ad
666 970 850 1035 Pontificum
874 973 1038 1059 collegium
1062 975 1218 1054 retulisse,
1245 976 1337 1062 eique

186 1092 226 1157 Μ.
250 1089 439 1164 Aemilium,
473 1084 652 1149 Pontificem
680 1087 867 1164 Maximum,
898 1108 953 1172 pro
979 1089 1108 1176 collegio
1130 1091 1336 1176 respondisse,

186 1207 242 1270 nisi
273 1225 345 1269 eum
372 1201 504 1288 populus
531 1201 688 1265 Romanus
711 1203 891 1269 nominatim
916 1202 1125 1287 praefecisset,
1154 1214 1246 1291 atque
1270 1206 1337 1269 eius

186 1322 269 1385 iussu
297 1318 432 1392 faceret,
468 1336 528 1380 non
550 1314 645 1380 rideri
672 1338 709 1380 ea
728 1326 810 1381 recte
840 1338 923 1401 posse
943 1316 1089 1385 dedicari.
1109 1319 1212 1401 Quid,
1238 1342 1336 1408 quum

184 1434 325 1509 Licinia,
346 1433 429 1518 virgo
452 1428 598 1507 Vestalis,
619 1451 738 1494 summo
760 1430 829 1496 loco
850 1441 942 1507 nata,
963 1433 1151 1498 sanctissimo
1171 1435 1338 1502 sacerdotio

183 1548 343 1637 praedita,
370 1548 406 1612 T.
427 1545 619 1621 Flaminino,
648 1544 686 1626 Q.
708 1545 830 1609 Metello
852 1545 1051 1624 Consulibus,
1084 1570 1168 1613 aram
1198 1561 1229 1614 et
1254 1550 1337 1615 aedi-

186 1663 288 1728 culam
311 1673 342 1726 et
364 1663 506 1747 pulvinar
529 1659 586 1724 sub
606 1680 675 1722 saro
698 1680 782 1723 sacro
804 1659 989 1739 dedicasset,
1020 1684 1081 1727 nou
1110 1687 1180 1729 eam
1211 1689 1275 1732 rem
1301 1690 1337 1732 ex

189 1778 368 1842 auctoritate
389 1776 518 1839 Senatus
536 1773 575 1837 ad
595 1773 653 1838 hoc
673 1773 839 1860 collegium
859 1776 929 1841 Ser.
951 1776 1049 1842 Iulius
1070 1780 1194 1845 Praetor
1212 1783 1339 1848 retulit?

188 1914 285 1978 quum
309 1892 342 1957 P.
364 1890 530 1965 Scaevola,
561 1888 699 1953 Pontifex
729 1890 897 1967 Maximus,
925 1913 979 1977 pro
1008 1892 1137 1980 collegio
1165 1894 1338 1980 respondit,

190 2006 272 2093 quod
306 2007 338 2069 in
366 2005 434 2067 loco
456 2003 582 2088 publico
602 2003 739 2079 Licinia,
768 2004 834 2069 Caii
854 2004 938 2082 filia,
970 2006 1087 2073 iniussu
1119 2010 1223 2094 populi
1251 2009 1339 2075 dedi·

190 2132 304 2199 casset,
338 2140 456 2183 sacrum
489 2140 548 2183 non
579 2117 711 2183 videri.»
743 2119 791 2185 Ad
822 2142 902 2207 quae
930 2120 1098 2208 fragmenta
1123 2125 1177 2211 qui
1200 2126 1337 2190 animum

188 2238 334 2303 attentius
377 2235 530 2311 advertet,
570 2235 662 2298 facile
693 2232 750 2297 sibi
784 2235 998 2320 persuadebit,
1033 2250 1271 2326 quantacunque
1302 2242 1340 2304 sit

195 2374 284 2436 saepe
307 2362 442 2413 veterum
464 2352 496 2412 in
517 2348 613 2412 titulis
633 2347 779 2411 librorum
803 2350 956 2414 tradendis
975 2354 1078 2416 nescio
1100 2354 1219 2417 incuria
1239 2354 1339 2418 dicam

191 2488 230 2529 an
251 2464 462 2551 negligentia,
485 2461 537 2529 hic
560 2462 665 2525 saltem
685 2464 918 2529 commentarios
937 2464 1175 2549 prooaaolr'bus
1191 2487 1252 2530 uon
1274 2468 1340 2531 lau·

192 2578 267 2644 dari.
282 2580 546 2655 Nounarrantur,
567 2582 646 2664 qu'ae
666 2575 882 2644 antdebebant
902 2589 956 2644 aut
977 2579 1136 2644 commode
1158 2583 1338 2667 poterantin

188 2695 330 2781 publicis·
355 2693 400 2756 his
431 2693 636 2756 monumentis
665 2693 802 2768 enotam,
825 2693 878 2757 sed
898 2715 955 2772 ea,
988 2717 1069 2781 quae
1105 2697 1269 2782 praecipue
1301 2718 1339 2760 ac

188 2831 282 2894 prope
310 2806 486 2892 spectabant
521 2807 599 2890 ipsos
632 2809 792 2874 Pontifices
821 2822 914 2898 atque
934 2809 973 2874 ad
996 2809 1177 2875 Pontificum
1198 2812 1247 2875 ius
1276 2833 1336 2875 res·

189 2944 249 3009 qne
270 2921 386 2985 divinas
409 2920 734 3006 percommodum
755 2929 811 2990 etsi
830 2929 862 2991 in
885 2926 989 3013 primis
1010 2947 1047 2988 ex
1066 2924 1161 2988 altero
1182 2926 1249 2989 loeo
1270 2926 1337 2989 lon·

187 3041 271 3124 giore
293 3037 446 3115 efficitur,
471 3037 577 3122 prioris
597 3050 700 3104 tamen
724 3041 871 3120 brevitas,
901 3041 1009 3106 eodem
1037 3041 1126 3104 titulo
1146 3040 1249 3116 allati,
1280 3041 1338 3103 rni-

184 3157 270 3218 -nime
289 3153 398 3219 idonea
421 3175 512 3218 eausa
530 3166 590 3232 est,
613 3178 668 3220 eur
686 3157 725 3222 ad
743 3158 871 3222 ooooles
889 3156 1045 3222 maximos
1062 3177 1134 3220 eum
1155 3155 1336 3230 reseramus,

185 3280 220 3333 ut
249 3269 379 3332 retulere
409 3269 556 3333 Krausius
588 3269 633 3359 (1)
664 3283 695 3336 et
723 3273 877 3347 Clericus,
909 3296 940 3357 p.
963 3275 1028 3347 87,
1055 3271 1132 3347 lca,
1157 3268 1239 3346 128,
1265 3267 1339 3335 564.

187 3386 348 3468 Quomodo
369 3409 404 3449 er
427 3386 652 3449 commentariis
675 3385 862 3470 Pontificum
882 3388 1027 3473 colligere
1053 3386 1157 3451 Cicero
1185 3385 1334 3470 potuerit,

186 3501 331 3565 disertum
356 3503 446 3564 irrisae
467 3501 710 3576 Coruncanium,
741 3502 920 3566 Pontificem
944 3503 1128 3577 Maximum,
1160 3499 1228 3586 quis
1257 3499 1336 3562 lecto

88 3681 91 3690 Δ
188 3614 282 3678 altero
304 3617 474 3679 testimonio
492 3615 643 3703 quaeret?
673 3616 806 3700 Uterque
830 3615 916 3678 locus
940 3612 1134 3684 hauddubie
1157 3611 1195 3676 ad
1217 3610 1337 3677 eosdem

185 3729 277 3792 libros
302 3730 451 3814 pertinet,
479 3733 532 3818 qui
561 3732 666 3818 quales
687 3730 802 3793 luerint
833 3729 1021 3793 luculentius
1054 3731 1148 3793 etiam
1177 3751 1214 3793 ex
1247 3731 1336 3794 tertio

187 3843 356 3929 lragmento
388 3855 534 3929 apparet,
570 3845 651 3931 quod
683 3842 854 3907 adscribere
886 3854 1016 3927 praestat
1045 3864 1138 3928 quam
1168 3841 1314 3908 indicare.

204 4038 540 4049 u-——r--a--m--ae

225 4157 263 4228 (1)
283 4155 363 4212 Vitae
379 4160 407 4213 et
431 4158 524 4230 fragm.
541 4159 609 4212 veli.
626 4156 741 4213 historic.
764 4156 843 4212 Rom.
866 4174 893 4229 p.
916 4155 961 4210 24.
984 4154 1076 4210 Habet
1097 4158 1186 4211 autem
1210 4154 1340 4212 Kmunius

187 4254 348 4328 ‹rmniuopro
366 4259 479 4312 maximis
492 4256 634 4322 arealibus,
652 4254 698 4326 qui
715 4254 839 4311 dicuntur
855 4253 1022 4310 commentarii
1037 4253 1195 4326 Pontificum.
1209 4252 1340 4321 „Ceterum

188 4359 251 4412 suni
263 4354 309 4427 qui
320 4373 344 4410 a.
362 4355 399 4412 U.
416 4356 468 4411 631
485 4372 539 4410 non
556 4352 667 4428 amplius
685 4353 796 4427 scriptos
813 4355 917 4409 cremba
935 4355 1065 4410 censeant.
1084 4351 1158 4421 Quae
1176 4353 1306 4409 sententia
1317 4353 1340 4409 si

188 4453 252 4515 mihi
263 4453 369 4510 omnino
379 4452 548 4526 probaretur,
561 4453 611 4508 hoc
622 4452 733 4510 maxime
745 4454 900 4524 argomento
917 4468 981 4508 usus
998 4449 1058 4506 illos
1076 4468 1093 4506 a
1109 4454 1285 4512 mmmm
1302 4453 1339 4508 dt.

192 4551 364 4626 etinguerem:
383 4569 415 4609 eo
432 4551 503 4608 enim
519 4569 586 4608 auno
604 4549 731 4610 Consules
748 4549 822 4607 luere
839 4550 869 4607 Τ.
888 4547 933 4608 ille
951 4548 1115 4607 Flamininus
1125 4553 1154 4606 et
1164 4549 1197 4621 Q,
1209 4549 1345 4611 Metellus,
