<?xml version="1.0" encoding="UTF-8"?>
<!DOCTYPE html PUBLIC "-//W3C//DTD XHTML 1.0 Transitional//EN"
    "http://www.w3.org/TR/xhtml1/DTD/xhtml1-transitional.dtd">
<html xmlns="http://www.w3.org/1999/xhtml" xml:lang="en" lang="en">
 <head>
  <title>
</title>
<meta http-equiv="Content-Type" content="text/html;charset=utf-8" />
  <meta name='ocr-system' content='tesseract 3.04.00' />
  <meta name='ocr-capabilities' content='ocr_page ocr_carea ocr_par ocr_line ocrx_word'/>
</head>
<body>
  <div class='ocr_page' id='page_1' title='image "./disputatiocriti00hullgoog_0048.png"; bbox 0 0 3150 5275; ppageno 0'>
   <div class='ocr_carea' id='block_1_1' title="bbox 784 459 825 521">
    <p class='ocr_par' dir='ltr' id='par_1_1' title="bbox 784 459 825 521">
     <span class='ocr_line' id='line_1_1' title="bbox 784 459 825 521; baseline 0.024 -1"><span class='ocrx_word' id='word_1_1' title='bbox 784 459 825 521; x_wconf 78' lang='grc'><strong>56</strong></span> 
     </span>
    </p>
   </div>
   <div class='ocr_carea' id='block_1_2' title="bbox 183 654 1379 4068">
    <p class='ocr_par' dir='ltr' id='par_1_2' title="bbox 183 654 1379 4068">
     <span class='ocr_line' id='line_1_2' title="bbox 230 654 1377 747; baseline 0 -26"><span class='ocrx_word' id='word_1_2' title='bbox 230 675 365 745; x_wconf 76' lang='lat' dir='ltr'><strong>«parrae</strong></span> <span class='ocrx_word' id='word_1_3' title='bbox 386 663 416 719; x_wconf 92' lang='lat' dir='ltr'><strong>et</strong></span> <span class='ocrx_word' id='word_1_4' title='bbox 449 675 533 718; x_wconf 90' lang='lat' dir='ltr'><strong>rarae</strong></span> <span class='ocrx_word' id='word_1_5' title='bbox 556 676 611 741; x_wconf 91' lang='lat' dir='ltr'><strong>per</strong></span> <span class='ocrx_word' id='word_1_6' title='bbox 627 654 735 721; x_wconf 86' lang='lat' dir='ltr'><strong>eadem</strong></span> <span class='ocrx_word' id='word_1_7' title='bbox 759 670 894 747; x_wconf 86' lang='lat' dir='ltr'><strong>tempora</strong></span> <span class='ocrx_word' id='word_1_8' title='bbox 911 659 1065 738; x_wconf 87' lang='lat' dir='ltr'><strong>literae»,</strong></span> <span class='ocrx_word' id='word_1_9' title='bbox 1089 679 1257 746; x_wconf 88' lang='lat' dir='ltr'><strong>paucorum</strong></span> <span class='ocrx_word' id='word_1_10' title='bbox 1279 658 1377 722; x_wconf 88' lang='lat' dir='ltr'><strong>scien-</strong></span> 
     </span>
     <span class='ocr_line' id='line_1_3' title="bbox 226 770 1377 860; baseline -0.002 -23"><span class='ocrx_word' id='word_1_11' title='bbox 226 774 268 837; x_wconf 84' lang='lat' dir='ltr'><strong>tia</strong></span> <span class='ocrx_word' id='word_1_12' title='bbox 290 771 351 860; x_wconf 90' lang='lat' dir='ltr'><strong>(t).</strong></span> <span class='ocrx_word' id='word_1_13' title='bbox 380 770 420 837; x_wconf 76' lang='lat' dir='ltr'><strong>At</strong></span> <span class='ocrx_word' id='word_1_14' title='bbox 439 782 546 835; x_wconf 82' lang='lat' dir='ltr'><strong>contra</strong></span> <span class='ocrx_word' id='word_1_15' title='bbox 568 770 722 858; x_wconf 92' lang='lat' dir='ltr'><strong>quidquid</strong></span> <span class='ocrx_word' id='word_1_16' title='bbox 742 774 832 837; x_wconf 87' lang='lat' dir='ltr'><strong>multi</strong></span> <span class='ocrx_word' id='word_1_17' title='bbox 854 785 1059 837; x_wconf 80' lang='lat' dir='ltr'><strong>asseverarunt</strong></span> <span class='ocrx_word' id='word_1_18' title='bbox 1082 785 1113 836; x_wconf 89' lang='lat' dir='ltr'><strong>et</strong></span> <span class='ocrx_word' id='word_1_19' title='bbox 1132 783 1290 859; x_wconf 84' lang='lat' dir='ltr'><strong>argutatur</strong></span> <span class='ocrx_word' id='word_1_20' title='bbox 1310 771 1377 837; x_wconf 85' lang='lat' dir='ltr'><strong>Cle-</strong></span> 
     </span>
     <span class='ocr_line' id='line_1_4' title="bbox 224 886 1379 976; baseline -0.003 -23"><span class='ocrx_word' id='word_1_21' title='bbox 224 892 305 953; x_wconf 86' lang='lat' dir='ltr'><strong>ricus</strong></span> <span class='ocrx_word' id='word_1_22' title='bbox 337 888 379 976; x_wconf 87' lang='lat' dir='ltr'><strong>(p.</strong></span> <span class='ocrx_word' id='word_1_23' title='bbox 407 890 426 949; x_wconf 87' lang='grc'><strong>9</strong></span> <span class='ocrx_word' id='word_1_24' title='bbox 457 908 541 973; x_wconf 92' lang='lat' dir='ltr'><strong>sqq.,</strong></span> <span class='ocrx_word' id='word_1_25' title='bbox 574 890 634 952; x_wconf 88' lang='grc'><strong>176</strong></span> <span class='ocrx_word' id='word_1_26' title='bbox 669 886 748 975; x_wconf 89' lang='lat' dir='ltr'><strong>sq.),</strong></span> <span class='ocrx_word' id='word_1_27' title='bbox 779 887 898 952; x_wconf 89' lang='lat' dir='ltr'><strong>tabulas</strong></span> <span class='ocrx_word' id='word_1_28' title='bbox 925 888 1289 953; x_wconf 69' lang='lat' dir='ltr'><strong>historicas&#39;Pontificum</strong></span> <span class='ocrx_word' id='word_1_29' title='bbox 1313 886 1379 950; x_wconf 83' lang='lat' dir='ltr'><strong>«ab</strong></span> 
     </span>
     <span class='ocr_line' id='line_1_5' title="bbox 224 1004 1376 1089; baseline -0.005 -20"><span class='ocrx_word' id='word_1_30' title='bbox 224 1006 311 1069; x_wconf 90' lang='lat' dir='ltr'><strong>initio</strong></span> <span class='ocrx_word' id='word_1_31' title='bbox 337 1025 439 1069; x_wconf 90' lang='lat' dir='ltr'><strong>rerum</strong></span> <span class='ocrx_word' id='word_1_32' title='bbox 470 1004 709 1067; x_wconf 86' lang='lat' dir='ltr'><strong>Romanarum»</strong></span> <span class='ocrx_word' id='word_1_33' title='bbox 741 1013 876 1089; x_wconf 85' lang='lat' dir='ltr'><strong>repetere</strong></span> <span class='ocrx_word' id='word_1_34' title='bbox 901 1004 942 1068; x_wconf 92' lang='lat' dir='ltr'><strong>ita</strong></span> <span class='ocrx_word' id='word_1_35' title='bbox 963 1006 1094 1068; x_wconf 90' lang='lat' dir='ltr'><strong>nimium</strong></span> <span class='ocrx_word' id='word_1_36' title='bbox 1112 1015 1172 1082; x_wconf 89' lang='lat' dir='ltr'><strong>est,</strong></span> <span class='ocrx_word' id='word_1_37' title='bbox 1197 1014 1231 1065; x_wconf 88' lang='lat' dir='ltr'><strong>ut</strong></span> <span class='ocrx_word' id='word_1_38' title='bbox 1252 1022 1376 1066; x_wconf 90' lang='lat' dir='ltr'><strong>omnem</strong></span> 
     </span>
     <span class='ocr_line' id='line_1_6' title="bbox 225 1115 1378 1204; baseline -0.007 -20"><span class='ocrx_word' id='word_1_39' title='bbox 225 1120 349 1184; x_wconf 90' lang='lat' dir='ltr'><strong>omnino</strong></span> <span class='ocrx_word' id='word_1_40' title='bbox 390 1127 549 1204; x_wconf 79' lang='lat' dir='ltr'><strong>exsuperet</strong></span> <span class='ocrx_word' id='word_1_41' title='bbox 587 1115 690 1179; x_wconf 88' lang='lat' dir='ltr'><strong>fidem.</strong></span> <span class='ocrx_word' id='word_1_42' title='bbox 723 1116 792 1179; x_wconf 83' lang='lat' dir='ltr'><strong>Fert</strong></span> <span class='ocrx_word' id='word_1_43' title='bbox 825 1116 949 1203; x_wconf 91' lang='lat' dir='ltr'><strong>quidem</strong></span> <span class='ocrx_word' id='word_1_44' title='bbox 982 1117 1083 1193; x_wconf 92' lang='lat' dir='ltr'><strong>fama,</strong></span> <span class='ocrx_word' id='word_1_45' title='bbox 1114 1117 1203 1179; x_wconf 91' lang='lat' dir='ltr'><strong>cuius</strong></span> <span class='ocrx_word' id='word_1_46' title='bbox 1237 1124 1378 1179; x_wconf 88' lang='lat' dir='ltr'><strong>auctores</strong></span> 
     </span>
     <span class='ocr_line' id='line_1_7' title="bbox 224 1227 1377 1323; baseline -0.006 -26"><span class='ocrx_word' id='word_1_47' title='bbox 224 1255 315 1323; x_wconf 89' lang='lat' dir='ltr'><strong>supra</strong></span> <span class='ocrx_word' id='word_1_48' title='bbox 336 1232 426 1295; x_wconf 88' lang='lat' dir='ltr'><strong>citari</strong></span> <span class='ocrx_word' id='word_1_49' title='bbox 447 1230 567 1294; x_wconf 87' lang='lat' dir='ltr'><strong>Livium</strong></span> <span class='ocrx_word' id='word_1_50' title='bbox 586 1241 616 1293; x_wconf 86' lang='lat' dir='ltr'><strong>et</strong></span> <span class='ocrx_word' id='word_1_51' title='bbox 637 1229 833 1315; x_wconf 84' lang='lat' dir='ltr'><strong>Dionysium,</strong></span> <span class='ocrx_word' id='word_1_52' title='bbox 858 1232 937 1295; x_wconf 79' lang='lat' dir='ltr'><strong>Auci</strong></span> <span class='ocrx_word' id='word_1_53' title='bbox 964 1232 1069 1295; x_wconf 83' lang='lat' dir='ltr'><strong>llarcii</strong></span> <span class='ocrx_word' id='word_1_54' title='bbox 1090 1233 1173 1294; x_wconf 90' lang='lat' dir='ltr'><strong>iussu</strong></span> <span class='ocrx_word' id='word_1_55' title='bbox 1196 1227 1377 1293; x_wconf 90' lang='lat' dir='ltr'><strong>Pontificem</strong></span> 
     </span>
     <span class='ocr_line' id='line_1_8' title="bbox 227 1341 1376 1430; baseline -0.009 -17"><span class='ocrx_word' id='word_1_56' title='bbox 227 1371 264 1413; x_wconf 86' lang='lat' dir='ltr'><strong>ex</strong></span> <span class='ocrx_word' id='word_1_57' title='bbox 295 1346 520 1411; x_wconf 88' lang='lat' dir='ltr'><strong>commentariis</strong></span> <span class='ocrx_word' id='word_1_58' title='bbox 553 1345 672 1408; x_wconf 82' lang='lat' dir='ltr'>Numae</span> <span class='ocrx_word' id='word_1_59' title='bbox 705 1365 789 1408; x_wconf 91' lang='lat' dir='ltr'><strong>sacra</strong></span> <span class='ocrx_word' id='word_1_60' title='bbox 823 1345 966 1430; x_wconf 88' lang='lat' dir='ltr'><strong>publica,</strong></span> <span class='ocrx_word' id='word_1_61' title='bbox 999 1347 1031 1408; x_wconf 92' lang='lat' dir='ltr'><strong>in</strong></span> <span class='ocrx_word' id='word_1_62' title='bbox 1065 1344 1170 1408; x_wconf 85' lang='lat' dir='ltr'><strong>album</strong></span> <span class='ocrx_word' id='word_1_63' title='bbox 1201 1343 1311 1419; x_wconf 84' lang='lat' dir='ltr'><strong>relata,</strong></span> <span class='ocrx_word' id='word_1_64' title='bbox 1345 1341 1376 1403; x_wconf 93' lang='lat' dir='ltr'><strong>in</strong></span> 
     </span>
     <span class='ocr_line' id='line_1_9' title="bbox 225 1453 1375 1547; baseline -0.009 -21"><span class='ocrx_word' id='word_1_65' title='bbox 225 1461 351 1547; x_wconf 88' lang='lat' dir='ltr'><strong>publico</strong></span> <span class='ocrx_word' id='word_1_66' title='bbox 382 1460 587 1547; x_wconf 90' lang='lat' dir='ltr'><strong>proposuisse;</strong></span> <span class='ocrx_word' id='word_1_67' title='bbox 619 1457 671 1523; x_wconf 91' lang='lat' dir='ltr'><strong>sed</strong></span> <span class='ocrx_word' id='word_1_68' title='bbox 700 1460 724 1523; x_wconf 93' lang='lat' dir='ltr'><strong>si</strong></span> <span class='ocrx_word' id='word_1_69' title='bbox 756 1462 819 1523; x_wconf 83' lang='lat' dir='ltr'><strong>reri</strong></span> <span class='ocrx_word' id='word_1_70' title='bbox 841 1459 916 1547; x_wconf 90' lang='lat' dir='ltr'><strong>quid</strong></span> <span class='ocrx_word' id='word_1_71' title='bbox 937 1460 970 1523; x_wconf 91' lang='lat' dir='ltr'><strong>in</strong></span> <span class='ocrx_word' id='word_1_72' title='bbox 991 1457 1050 1521; x_wconf 88' lang='lat' dir='ltr'><strong>bac</strong></span> <span class='ocrx_word' id='word_1_73' title='bbox 1071 1458 1152 1521; x_wconf 87' lang='lat' dir='ltr'><strong>fama</strong></span> <span class='ocrx_word' id='word_1_74' title='bbox 1173 1456 1269 1520; x_wconf 89' lang='lat' dir='ltr'><strong>inesse</strong></span> <span class='ocrx_word' id='word_1_75' title='bbox 1292 1453 1375 1518; x_wconf 87' lang='lat' dir='ltr'><strong>ride·</strong></span> 
     </span>
     <span class='ocr_line' id='line_1_10' title="bbox 224 1571 1374 1658; baseline -0.007 -18"><span class='ocrx_word' id='word_1_76' title='bbox 224 1588 290 1655; x_wconf 88' lang='lat' dir='ltr'><strong>tur,</strong></span> <span class='ocrx_word' id='word_1_77' title='bbox 315 1585 359 1640; x_wconf 92' lang='lat' dir='ltr'><strong>est</strong></span> <span class='ocrx_word' id='word_1_78' title='bbox 388 1577 453 1639; x_wconf 87' lang='lat' dir='ltr'><strong>eius</strong></span> <span class='ocrx_word' id='word_1_79' title='bbox 484 1575 528 1639; x_wconf 91' lang='lat' dir='ltr'><strong>rei</strong></span> <span class='ocrx_word' id='word_1_80' title='bbox 555 1574 646 1658; x_wconf 85' lang='lat' dir='ltr'><strong>longe</strong></span> <span class='ocrx_word' id='word_1_81' title='bbox 675 1572 791 1637; x_wconf 83' lang='lat' dir='ltr'><strong>diversa</strong></span> <span class='ocrx_word' id='word_1_82' title='bbox 819 1575 903 1640; x_wconf 86' lang='lat' dir='ltr'><strong>ratio.</strong></span> <span class='ocrx_word' id='word_1_83' title='bbox 931 1576 1108 1641; x_wconf 67' lang='lat' dir='ltr'><strong>Sacrorum,</strong></span> <span class='ocrx_word' id='word_1_84' title='bbox 1124 1572 1207 1637; x_wconf 88' lang='lat' dir='ltr'><strong>enim</strong></span> <span class='ocrx_word' id='word_1_85' title='bbox 1228 1571 1374 1656; x_wconf 86' lang='lat' dir='ltr'><strong>religione</strong></span> 
     </span>
     <span class='ocr_line' id='line_1_11' title="bbox 223 1689 1375 1775; baseline -0.003 -20"><span class='ocrx_word' id='word_1_86' title='bbox 223 1691 280 1755; x_wconf 92' lang='lat' dir='ltr'><strong>diu</strong></span> <span class='ocrx_word' id='word_1_87' title='bbox 300 1702 370 1755; x_wconf 92' lang='lat' dir='ltr'><strong>ante</strong></span> <span class='ocrx_word' id='word_1_88' title='bbox 401 1702 471 1754; x_wconf 89' lang='lat' dir='ltr'><strong>snut</strong></span> <span class='ocrx_word' id='word_1_89' title='bbox 503 1689 664 1754; x_wconf 81' lang='lat' dir='ltr'><strong>obstrictae</strong></span> <span class='ocrx_word' id='word_1_90' title='bbox 688 1700 809 1774; x_wconf 88' lang='lat' dir='ltr'><strong>gentes,</strong></span> <span class='ocrx_word' id='word_1_91' title='bbox 839 1700 874 1753; x_wconf 95' lang='lat' dir='ltr'><strong>ut</strong></span> <span class='ocrx_word' id='word_1_92' title='bbox 895 1692 998 1754; x_wconf 92' lang='lat' dir='ltr'><strong>omnia</strong></span> <span class='ocrx_word' id='word_1_93' title='bbox 1021 1701 1088 1775; x_wconf 93' lang='lat' dir='ltr'><strong>post</strong></span> <span class='ocrx_word' id='word_1_94' title='bbox 1119 1689 1298 1774; x_wconf 85' lang='lat' dir='ltr'><strong>religionem</strong></span> <span class='ocrx_word' id='word_1_95' title='bbox 1320 1710 1375 1773; x_wconf 93' lang='lat' dir='ltr'><strong>po-</strong></span> 
     </span>
     <span class='ocr_line' id='line_1_12' title="bbox 223 1801 1374 1891; baseline -0.005 -21"><span class='ocrx_word' id='word_1_96' title='bbox 223 1805 323 1871; x_wconf 89' lang='lat' dir='ltr'><strong>nenda</strong></span> <span class='ocrx_word' id='word_1_97' title='bbox 357 1826 476 1891; x_wconf 88' lang='lat' dir='ltr'><strong>semper</strong></span> <span class='ocrx_word' id='word_1_98' title='bbox 508 1803 661 1868; x_wconf 85' lang='lat' dir='ltr'><strong>duxerunt</strong></span> <span class='ocrx_word' id='word_1_99' title='bbox 690 1803 822 1867; x_wconf 90' lang='lat' dir='ltr'><strong>Romani</strong></span> <span class='ocrx_word' id='word_1_100' title='bbox 858 1801 939 1889; x_wconf 86' lang='lat' dir='ltr'><strong>(Val.</strong></span> <span class='ocrx_word' id='word_1_101' title='bbox 971 1805 1050 1868; x_wconf 80' lang='lat' dir='ltr'><strong>Mar.</strong></span> <span class='ocrx_word' id='word_1_102' title='bbox 1080 1804 1106 1867; x_wconf 91' lang='lat' dir='ltr'><strong>l.</strong></span> <span class='ocrx_word' id='word_1_103' title='bbox 1132 1808 1160 1867; x_wconf 92' lang='lat'><strong>1.</strong></span> <span class='ocrx_word' id='word_1_104' title='bbox 1194 1801 1248 1890; x_wconf 81' lang='lat'><strong>9),</strong></span> <span class='ocrx_word' id='word_1_105' title='bbox 1280 1822 1374 1888; x_wconf 90' lang='lat' dir='ltr'><strong>quam</strong></span> 
     </span>
     <span class='ocr_line' id='line_1_13' title="bbox 222 1917 1374 2006; baseline -0.005 -23"><span class='ocrx_word' id='word_1_106' title='bbox 222 1929 367 2006; x_wconf 84' lang='lat' dir='ltr'><strong>appetant</strong></span> <span class='ocrx_word' id='word_1_107' title='bbox 395 1919 643 2005; x_wconf 82' lang='lat' dir='ltr'><strong>qualemcunque</strong></span> <span class='ocrx_word' id='word_1_108' title='bbox 671 1918 854 1982; x_wconf 80' lang='lat' dir='ltr'><strong>severiorem</strong></span> <span class='ocrx_word' id='word_1_109' title='bbox 882 1918 1098 2004; x_wconf 83' lang='lat' dir='ltr'><strong>coguitionem.</strong></span> <span class='ocrx_word' id='word_1_110' title='bbox 1128 1917 1185 1985; x_wconf 84' lang='lat' dir='ltr'><strong>Vel</strong></span> <span class='ocrx_word' id='word_1_111' title='bbox 1202 1917 1244 1979; x_wconf 90' lang='lat' dir='ltr'><strong>sic</strong></span> <span class='ocrx_word' id='word_1_112' title='bbox 1272 1926 1374 1978; x_wconf 88' lang='lat' dir='ltr'><strong>tamen</strong></span> 
     </span>
     <span class='ocr_line' id='line_1_14' title="bbox 222 2028 1374 2119; baseline -0.003 -22"><span class='ocrx_word' id='word_1_113' title='bbox 222 2034 274 2097; x_wconf 85' lang='lat' dir='ltr'><strong>illa</strong></span> <span class='ocrx_word' id='word_1_114' title='bbox 296 2044 514 2111; x_wconf 87' lang='lat' dir='ltr'><strong>monumenta,</strong></span> <span class='ocrx_word' id='word_1_115' title='bbox 537 2052 616 2118; x_wconf 83' lang='lat' dir='ltr'><strong>quae</strong></span> <span class='ocrx_word' id='word_1_116' title='bbox 642 2043 724 2096; x_wconf 90' lang='lat' dir='ltr'><strong>certe</strong></span> <span class='ocrx_word' id='word_1_117' title='bbox 747 2032 964 2119; x_wconf 89' lang='lat' dir='ltr'><strong>antiquissimis</strong></span> <span class='ocrx_word' id='word_1_118' title='bbox 986 2033 1123 2096; x_wconf 91' lang='lat' dir='ltr'><strong>omnium</strong></span> <span class='ocrx_word' id='word_1_119' title='bbox 1144 2028 1374 2095; x_wconf 84' lang='lat' dir='ltr'><strong>annumeranda</strong></span> 
     </span>
     <span class='ocr_line' id='line_1_15' title="bbox 223 2146 1373 2233; baseline -0.003 -22"><span class='ocrx_word' id='word_1_120' title='bbox 223 2156 312 2225; x_wconf 91' lang='lat' dir='ltr'><strong>suut,</strong></span> <span class='ocrx_word' id='word_1_121' title='bbox 347 2147 387 2210; x_wconf 90' lang='lat' dir='ltr'><strong>ab</strong></span> <span class='ocrx_word' id='word_1_122' title='bbox 416 2169 452 2211; x_wconf 92' lang='lat' dir='ltr'><strong>eo</strong></span> <span class='ocrx_word' id='word_1_123' title='bbox 482 2146 608 2211; x_wconf 92' lang='lat' dir='ltr'><strong>demum</strong></span> <span class='ocrx_word' id='word_1_124' title='bbox 638 2148 723 2232; x_wconf 85' lang='lat' dir='ltr'><strong>Rege</strong></span> <span class='ocrx_word' id='word_1_125' title='bbox 760 2157 958 2231; x_wconf 90' lang='lat' dir='ltr'><strong>repetuntur,</strong></span> <span class='ocrx_word' id='word_1_126' title='bbox 987 2168 1080 2233; x_wconf 87' lang='lat' dir='ltr'><strong>quem</strong></span> <span class='ocrx_word' id='word_1_127' title='bbox 1100 2146 1200 2231; x_wconf 16' lang='lat' dir='ltr'><strong>‘fuisse</strong></span> <span class='ocrx_word' id='word_1_128' title='bbox 1229 2158 1373 2233; x_wconf 88' lang='lat' dir='ltr'><strong>quartum</strong></span> 
     </span>
     <span class='ocr_line' id='line_1_16' title="bbox 223 2261 1373 2351; baseline -0.002 -24"><span class='ocrx_word' id='word_1_129' title='bbox 223 2262 356 2329; x_wconf 83' lang='lat' dir='ltr'><strong>tradunt.</strong></span> <span class='ocrx_word' id='word_1_130' title='bbox 380 2264 420 2327; x_wconf 81' lang='lat' dir='ltr'><strong>At</strong></span> <span class='ocrx_word' id='word_1_131' title='bbox 433 2263 507 2351; x_wconf 90' lang='lat' dir='ltr'><strong>quid</strong></span> <span class='ocrx_word' id='word_1_132' title='bbox 527 2261 680 2349; x_wconf 88' lang='lat' dir='ltr'><strong>cupidinis</strong></span> <span class='ocrx_word' id='word_1_133' title='bbox 699 2286 745 2325; x_wconf 91' lang='lat' dir='ltr'><strong>res</strong></span> <span class='ocrx_word' id='word_1_134' title='bbox 764 2286 832 2326; x_wconf 84' lang='lat' dir='ltr'><strong>suas</strong></span> <span class='ocrx_word' id='word_1_135' title='bbox 850 2262 1064 2349; x_wconf 83' lang='lat' dir='ltr'><strong>cognoscendi,</strong></span> <span class='ocrx_word' id='word_1_136' title='bbox 1082 2263 1373 2351; x_wconf 22' lang='lat' dir='ltr'><strong>domi&#39;militiaeque</strong></span> 
     </span>
     <span class='ocr_line' id='line_1_17' title="bbox 223 2375 1373 2464; baseline -0.002 -22"><span class='ocrx_word' id='word_1_137' title='bbox 223 2389 338 2464; x_wconf 84' lang='lat' dir='ltr'><strong>gestas,</strong></span> <span class='ocrx_word' id='word_1_138' title='bbox 369 2377 522 2442; x_wconf 90' lang='lat' dir='ltr'><strong>rudiorem</strong></span> <span class='ocrx_word' id='word_1_139' title='bbox 552 2389 644 2464; x_wconf 89' lang='lat' dir='ltr'><strong>atque</strong></span> <span class='ocrx_word' id='word_1_140' title='bbox 674 2376 868 2440; x_wconf 91' lang='lat' dir='ltr'><strong>incultiorem</strong></span> <span class='ocrx_word' id='word_1_141' title='bbox 897 2375 1091 2463; x_wconf 87' lang='lat' dir='ltr'><strong>plebeculam</strong></span> <span class='ocrx_word' id='word_1_142' title='bbox 1109 2379 1264 2442; x_wconf 86' lang='lat' dir='ltr'><strong>incessisse</strong></span> <span class='ocrx_word' id='word_1_143' title='bbox 1285 2389 1373 2463; x_wconf 91' lang='lat' dir='ltr'><strong>pute-</strong></span> 
     </span>
     <span class='ocr_line' id='line_1_18' title="bbox 224 2481 1376 2579; baseline -0.001 -23"><span class='ocrx_word' id='word_1_144' title='bbox 224 2514 310 2570; x_wconf 91' lang='lat' dir='ltr'><strong>mus,</strong></span> <span class='ocrx_word' id='word_1_145' title='bbox 332 2513 412 2578; x_wconf 91' lang='lat' dir='ltr'><strong>quae</strong></span> <span class='ocrx_word' id='word_1_146' title='bbox 435 2512 474 2555; x_wconf 89' lang='lat' dir='ltr'><strong>ue</strong></span> <span class='ocrx_word' id='word_1_147' title='bbox 505 2513 575 2554; x_wconf 91' lang='lat' dir='ltr'><strong>aere</strong></span> <span class='ocrx_word' id='word_1_148' title='bbox 603 2492 719 2577; x_wconf 88' lang='lat' dir='ltr'><strong>signato</strong></span> <span class='ocrx_word' id='word_1_149' title='bbox 750 2481 876 2577; x_wconf 89' lang='lat' dir='ltr'><strong>quidem</strong></span> <span class='ocrx_word' id='word_1_150' title='bbox 908 2492 953 2555; x_wconf 93' lang='lat' dir='ltr'><strong>uti</strong></span> <span class='ocrx_word' id='word_1_151' title='bbox 979 2491 1155 2557; x_wconf 70' lang='lat' dir='ltr'><strong>didicisset?</strong></span> <span class='ocrx_word' id='word_1_152' title='bbox 1178 2491 1297 2579; x_wconf 88' lang='lat' dir='ltr'><strong>Ecquid</strong></span> <span class='ocrx_word' id='word_1_153' title='bbox 1322 2502 1376 2555; x_wconf 91' lang='lat' dir='ltr'><strong>aut</strong></span> 
     </span>
     <span class='ocr_line' id='line_1_19' title="bbox 226 2604 1374 2692; baseline 0 -22"><span class='ocrx_word' id='word_1_154' title='bbox 226 2607 366 2671; x_wconf 87' lang='lat' dir='ltr'><strong>utilitatis</strong></span> <span class='ocrx_word' id='word_1_155' title='bbox 398 2616 450 2671; x_wconf 88' lang='lat' dir='ltr'><strong>aut</strong></span> <span class='ocrx_word' id='word_1_156' title='bbox 478 2606 662 2670; x_wconf 85' lang='lat' dir='ltr'><strong>necessitatis</strong></span> <span class='ocrx_word' id='word_1_157' title='bbox 690 2604 820 2671; x_wconf 83' lang='lat' dir='ltr'><strong>adfuisse</strong></span> <span class='ocrx_word' id='word_1_158' title='bbox 849 2618 1036 2685; x_wconf 88' lang='lat' dir='ltr'><strong>statuamus,</strong></span> <span class='ocrx_word' id='word_1_159' title='bbox 1073 2618 1108 2670; x_wconf 90' lang='lat' dir='ltr'><strong>ut</strong></span> <span class='ocrx_word' id='word_1_160' title='bbox 1136 2627 1209 2671; x_wconf 87' lang='lat' dir='ltr'><strong>cum</strong></span> <span class='ocrx_word' id='word_1_161' title='bbox 1240 2605 1299 2672; x_wconf 89' lang='lat' dir='ltr'><strong>boc</strong></span> <span class='ocrx_word' id='word_1_162' title='bbox 1321 2628 1374 2692; x_wconf 90' lang='lat' dir='ltr'><strong>po-</strong></span> 
     </span>
     <span class='ocr_line' id='line_1_20' title="bbox 224 2697 1377 2808; baseline 0.003 -24"><span class='ocrx_word' id='word_1_163' title='bbox 224 2721 299 2806; x_wconf 91' lang='lat' dir='ltr'><strong>pulo</strong></span> <span class='ocrx_word' id='word_1_164' title='bbox 339 2697 503 2808; x_wconf 91' lang='lat' dir='ltr'><strong>quotannis</strong></span> <span class='ocrx_word' id='word_1_165' title='bbox 539 2723 678 2786; x_wconf 80' lang='lat' dir='ltr'><strong>Pontifex</strong></span> <span class='ocrx_word' id='word_1_166' title='bbox 715 2723 862 2786; x_wconf 84' lang='lat' dir='ltr'><strong>Maximus</strong></span> <span class='ocrx_word' id='word_1_167' title='bbox 901 2724 1027 2787; x_wconf 88' lang='lat' dir='ltr'><strong>relatam</strong></span> <span class='ocrx_word' id='word_1_168' title='bbox 1070 2725 1102 2786; x_wconf 92' lang='lat' dir='ltr'><strong>in</strong></span> <span class='ocrx_word' id='word_1_169' title='bbox 1135 2724 1241 2787; x_wconf 90' lang='lat' dir='ltr'><strong>album</strong></span> <span class='ocrx_word' id='word_1_170' title='bbox 1273 2747 1377 2789; x_wconf 89' lang='lat' dir='ltr'><strong>rerum</strong></span> 
     </span>
     <span class='ocr_line' id='line_1_21' title="bbox 226 2837 1375 2924; baseline 0.002 -24"><span class='ocrx_word' id='word_1_171' title='bbox 226 2848 380 2924; x_wconf 82' lang='lat' dir='ltr'><strong>gestarum</strong></span> <span class='ocrx_word' id='word_1_172' title='bbox 432 2838 610 2901; x_wconf 86' lang='lat' dir='ltr'><strong>memoriam</strong></span> <span class='ocrx_word' id='word_1_173' title='bbox 654 2837 923 2902; x_wconf 71' lang='lat' dir='ltr'><strong>communicaret?</strong></span> <span class='ocrx_word' id='word_1_174' title='bbox 967 2838 1055 2920; x_wconf 85' lang='lat' dir='ltr'><strong>Quae</strong></span> <span class='ocrx_word' id='word_1_175' title='bbox 1096 2859 1195 2924; x_wconf 86' lang='lat' dir='ltr'><strong>quum</strong></span> <span class='ocrx_word' id='word_1_176' title='bbox 1222 2840 1265 2902; x_wconf 90' lang='lat' dir='ltr'><strong>ita</strong></span> <span class='ocrx_word' id='word_1_177' title='bbox 1295 2840 1375 2917; x_wconf 89' lang='lat' dir='ltr'><strong>sint,</strong></span> 
     </span>
     <span class='ocr_line' id='line_1_22' title="bbox 223 2949 1376 3038; baseline 0.001 -23"><span class='ocrx_word' id='word_1_178' title='bbox 223 2972 284 3038; x_wconf 90' lang='lat' dir='ltr'><strong>qua</strong></span> <span class='ocrx_word' id='word_1_179' title='bbox 326 2952 373 3013; x_wconf 88' lang='lat' dir='ltr'><strong>ria</strong></span> <span class='ocrx_word' id='word_1_180' title='bbox 418 2949 505 3013; x_wconf 88' lang='lat' dir='ltr'><strong>ducit</strong></span> <span class='ocrx_word' id='word_1_181' title='bbox 546 2951 694 3031; x_wconf 81' lang='lat' dir='ltr'><strong>Servius,</strong></span> <span class='ocrx_word' id='word_1_182' title='bbox 744 2951 864 3016; x_wconf 89' lang='lat' dir='ltr'><strong>tradens</strong></span> <span class='ocrx_word' id='word_1_183' title='bbox 903 2952 935 3015; x_wconf 94' lang='lat' dir='ltr'><strong>in</strong></span> <span class='ocrx_word' id='word_1_184' title='bbox 978 2953 1047 3016; x_wconf 87' lang='lat' dir='ltr'><strong>albo</strong></span> <span class='ocrx_word' id='word_1_185' title='bbox 1089 2955 1225 3038; x_wconf 91' lang='lat' dir='ltr'><strong>primum</strong></span> <span class='ocrx_word' id='word_1_186' title='bbox 1265 2955 1376 3038; x_wconf 88' lang='lat' dir='ltr'><strong>scripta</strong></span> 
     </span>
     <span class='ocr_line' id='line_1_23' title="bbox 222 3065 1376 3152; baseline 0.001 -23"><span class='ocrx_word' id='word_1_187' title='bbox 222 3068 314 3130; x_wconf 88' lang='lat' dir='ltr'><strong>fuisse</strong></span> <span class='ocrx_word' id='word_1_188' title='bbox 347 3065 537 3130; x_wconf 80' lang='lat' dir='ltr'><strong>«Consulum</strong></span> <span class='ocrx_word' id='word_1_189' title='bbox 569 3068 692 3130; x_wconf 93' lang='lat' dir='ltr'><strong>nomina</strong></span> <span class='ocrx_word' id='word_1_190' title='bbox 725 3077 756 3131; x_wconf 93' lang='lat' dir='ltr'><strong>et</strong></span> <span class='ocrx_word' id='word_1_191' title='bbox 790 3067 920 3130; x_wconf 89' lang='lat' dir='ltr'><strong>aliorum</strong></span> <span class='ocrx_word' id='word_1_192' title='bbox 950 3068 1234 3152; x_wconf 84' lang='lat' dir='ltr'><strong>magistratuum»,</strong></span> <span class='ocrx_word' id='word_1_193' title='bbox 1263 3091 1299 3132; x_wconf 91' lang='lat' dir='ltr'><strong>ea</strong></span> <span class='ocrx_word' id='word_1_194' title='bbox 1323 3088 1376 3130; x_wconf 90' lang='lat' dir='ltr'><strong>nos</strong></span> 
     </span>
     <span class='ocr_line' id='line_1_24' title="bbox 223 3179 1377 3268; baseline 0.001 -24"><span class='ocrx_word' id='word_1_195' title='bbox 223 3203 407 3268; x_wconf 89' lang='lat' dir='ltr'><strong>sequamur,</strong></span> <span class='ocrx_word' id='word_1_196' title='bbox 440 3179 599 3246; x_wconf 90' lang='lat' dir='ltr'><strong>statuendo</strong></span> <span class='ocrx_word' id='word_1_197' title='bbox 645 3181 762 3244; x_wconf 88' lang='lat' dir='ltr'><strong>tabulas</strong></span> <span class='ocrx_word' id='word_1_198' title='bbox 793 3180 949 3245; x_wconf 89' lang='lat' dir='ltr'><strong>Pontificis</strong></span> <span class='ocrx_word' id='word_1_199' title='bbox 980 3181 1101 3244; x_wconf 77' lang='lat' dir='ltr'><strong>Maximi</strong></span> <span class='ocrx_word' id='word_1_200' title='bbox 1137 3192 1207 3245; x_wconf 92' lang='lat' dir='ltr'><strong>ante</strong></span> <span class='ocrx_word' id='word_1_201' title='bbox 1249 3182 1377 3245; x_wconf 89' lang='lat' dir='ltr'><strong>liberam</strong></span> 
     </span>
     <span class='ocr_line' id='line_1_25' title="bbox 224 3294 1374 3380; baseline -0.001 -21"><span class='ocrx_word' id='word_1_202' title='bbox 224 3317 288 3360; x_wconf 89' lang='lat' dir='ltr'><strong>rem</strong></span> <span class='ocrx_word' id='word_1_203' title='bbox 313 3295 467 3380; x_wconf 92' lang='lat' dir='ltr'><strong>publicam</strong></span> <span class='ocrx_word' id='word_1_204' title='bbox 501 3317 563 3358; x_wconf 92' lang='lat' dir='ltr'><strong>non</strong></span> <span class='ocrx_word' id='word_1_205' title='bbox 594 3316 656 3358; x_wconf 92' lang='lat' dir='ltr'><strong>esse</strong></span> <span class='ocrx_word' id='word_1_206' title='bbox 689 3294 863 3378; x_wconf 85' lang='lat' dir='ltr'><strong>propositas.</strong></span> <span class='ocrx_word' id='word_1_207' title='bbox 898 3296 936 3358; x_wconf 88' lang='lat' dir='ltr'><strong>Et</strong></span> <span class='ocrx_word' id='word_1_208' title='bbox 968 3317 1059 3373; x_wconf 85' lang='lat' dir='ltr'><strong>vero,</strong></span> <span class='ocrx_word' id='word_1_209' title='bbox 1093 3296 1151 3359; x_wconf 91' lang='lat' dir='ltr'><strong>tale</strong></span> <span class='ocrx_word' id='word_1_210' title='bbox 1182 3295 1374 3372; x_wconf 89' lang='lat' dir='ltr'><strong>institutum,</strong></span> 
     </span>
     <span class='ocr_line' id='line_1_26' title="bbox 223 3407 1376 3497; baseline 0 -25"><span class='ocrx_word' id='word_1_211' title='bbox 223 3408 314 3497; x_wconf 88' lang='lat' dir='ltr'><strong>quale</strong></span> <span class='ocrx_word' id='word_1_212' title='bbox 337 3408 395 3471; x_wconf 89' lang='lat' dir='ltr'><strong>fuit</strong></span> <span class='ocrx_word' id='word_1_213' title='bbox 422 3407 632 3492; x_wconf 75' lang='lat' dir='ltr'><strong>evulgatorum</strong></span> <span class='ocrx_word' id='word_1_214' title='bbox 654 3411 942 3473; x_wconf 89' lang='lat' dir='ltr'><strong>commentariorum</strong></span> <span class='ocrx_word' id='word_1_215' title='bbox 979 3410 1224 3486; x_wconf 87' lang='lat' dir='ltr'><strong>Pontificalium,</strong></span> <span class='ocrx_word' id='word_1_216' title='bbox 1254 3421 1288 3473; x_wconf 87' lang='lat' dir='ltr'><strong>ut</strong></span> <span class='ocrx_word' id='word_1_217' title='bbox 1307 3411 1376 3473; x_wconf 91' lang='lat' dir='ltr'><strong>satis</strong></span> 
     </span>
     <span class='ocr_line' id='line_1_27' title="bbox 223 3521 1376 3614; baseline 0.003 -28"><span class='ocrx_word' id='word_1_218' title='bbox 223 3525 363 3606; x_wconf 90' lang='lat' dir='ltr'><strong>ineptum</strong></span> <span class='ocrx_word' id='word_1_219' title='bbox 405 3532 449 3585; x_wconf 91' lang='lat' dir='ltr'><strong>est</strong></span> <span class='ocrx_word' id='word_1_220' title='bbox 481 3544 499 3584; x_wconf 92' lang='lat' dir='ltr'><strong>a</strong></span> <span class='ocrx_word' id='word_1_221' title='bbox 535 3521 671 3608; x_wconf 83' lang='lat' dir='ltr'><strong>Regibus</strong></span> <span class='ocrx_word' id='word_1_222' title='bbox 711 3533 849 3607; x_wconf 90' lang='lat' dir='ltr'><strong>repetere</strong></span> <span class='ocrx_word' id='word_1_223' title='bbox 891 3534 952 3586; x_wconf 90' lang='lat' dir='ltr'><strong>tam</strong></span> <span class='ocrx_word' id='word_1_224' title='bbox 994 3525 1151 3587; x_wconf 85' lang='lat' dir='ltr'><strong>fastidiosis</strong></span> <span class='ocrx_word' id='word_1_225' title='bbox 1191 3546 1376 3614; x_wconf 88' lang='lat' dir='ltr'><strong>omnemque</strong></span> 
     </span>
     <span class='ocr_line' id='line_1_28' title="bbox 223 3635 1375 3723; baseline 0.002 -23"><span class='ocrx_word' id='word_1_226' title='bbox 223 3637 318 3701; x_wconf 83' lang='lat' dir='ltr'><strong>exosis</strong></span> <span class='ocrx_word' id='word_1_227' title='bbox 340 3635 517 3720; x_wconf 91' lang='lat' dir='ltr'><strong>popularem</strong></span> <span class='ocrx_word' id='word_1_228' title='bbox 539 3656 668 3714; x_wconf 91' lang='lat' dir='ltr'><strong>auram,</strong></span> <span class='ocrx_word' id='word_1_229' title='bbox 693 3637 734 3700; x_wconf 91' lang='lat' dir='ltr'><strong>ita</strong></span> <span class='ocrx_word' id='word_1_230' title='bbox 755 3639 780 3700; x_wconf 91' lang='lat' dir='ltr'><strong>si</strong></span> <span class='ocrx_word' id='word_1_231' title='bbox 809 3651 865 3723; x_wconf 82' lang='lat' dir='ltr'><strong>pe&#39;r</strong></span> <span class='ocrx_word' id='word_1_232' title='bbox 884 3659 914 3700; x_wconf 90' lang='lat' dir='ltr'><strong>se</strong></span> <span class='ocrx_word' id='word_1_233' title='bbox 937 3648 1073 3721; x_wconf 90' lang='lat' dir='ltr'><strong>spectes,</strong></span> <span class='ocrx_word' id='word_1_234' title='bbox 1097 3639 1188 3702; x_wconf 90' lang='lat' dir='ltr'><strong>unice</strong></span> <span class='ocrx_word' id='word_1_235' title='bbox 1211 3641 1322 3704; x_wconf 89' lang='lat' dir='ltr'><strong>referre</strong></span> <span class='ocrx_word' id='word_1_236' title='bbox 1345 3650 1375 3703; x_wconf 89' lang='lat' dir='ltr'><strong>et</strong></span> 
     </span>
     <span class='ocr_line' id='line_1_29' title="bbox 224 3749 1377 3836; baseline 0.003 -22"><span class='ocrx_word' id='word_1_237' title='bbox 224 3762 371 3836; x_wconf 88' lang='lat' dir='ltr'><strong>tanquam</strong></span> <span class='ocrx_word' id='word_1_238' title='bbox 405 3749 518 3833; x_wconf 89' lang='lat' dir='ltr'><strong>spirare</strong></span> <span class='ocrx_word' id='word_1_239' title='bbox 549 3771 612 3811; x_wconf 90' lang='lat' dir='ltr'><strong>rem</strong></span> <span class='ocrx_word' id='word_1_240' title='bbox 643 3751 800 3836; x_wconf 91' lang='lat' dir='ltr'><strong>publicam</strong></span> <span class='ocrx_word' id='word_1_241' title='bbox 833 3749 925 3815; x_wconf 88' lang='lat' dir='ltr'><strong>dicas.</strong></span> <span class='ocrx_word' id='word_1_242' title='bbox 955 3751 1025 3834; x_wconf 86' lang='lat' dir='ltr'><strong>Qua</strong></span> <span class='ocrx_word' id='word_1_243' title='bbox 1054 3767 1228 3831; x_wconf 89' lang='lat' dir='ltr'><strong>crescente,</strong></span> <span class='ocrx_word' id='word_1_244' title='bbox 1250 3757 1377 3818; x_wconf 81' lang='lat' dir='ltr'><strong>crevisse</strong></span> 
     </span>
     <span class='ocr_line' id='line_1_30' title="bbox 225 3865 1375 3950; baseline 0.003 -22"><span class='ocrx_word' id='word_1_245' title='bbox 225 3866 316 3929; x_wconf 91' lang='lat' dir='ltr'><strong>etiam</strong></span> <span class='ocrx_word' id='word_1_246' title='bbox 337 3865 514 3948; x_wconf 86' lang='lat' dir='ltr'><strong>accepimus</strong></span> <span class='ocrx_word' id='word_1_247' title='bbox 537 3867 736 3950; x_wconf 93' lang='lat' dir='ltr'><strong>populicum</strong></span> <span class='ocrx_word' id='word_1_248' title='bbox 759 3866 887 3928; x_wconf 89' lang='lat' dir='ltr'><strong>cultiore</strong></span> <span class='ocrx_word' id='word_1_249' title='bbox 909 3865 969 3928; x_wconf 83' lang='lat' dir='ltr'><strong>vita</strong></span> <span class='ocrx_word' id='word_1_250' title='bbox 990 3867 1194 3945; x_wconf 82' lang='lat' dir='ltr'><strong>voluntatem,</strong></span> <span class='ocrx_word' id='word_1_251' title='bbox 1221 3889 1293 3930; x_wconf 93' lang='lat' dir='ltr'><strong>cum</strong></span> <span class='ocrx_word' id='word_1_252' title='bbox 1324 3891 1375 3932; x_wconf 85' lang='lat' dir='ltr'><strong>ro·</strong></span> 
     </span>
     <span class='ocr_line' id='line_1_31' title="bbox 183 3980 1375 4068; baseline 0.005 -25"><span class='ocrx_word' id='word_1_253' title='bbox 183 4041 189 4054; x_wconf 86' lang='grc'><em>,</em></span> <span class='ocrx_word' id='word_1_254' title='bbox 224 3980 341 4044; x_wconf 90' lang='lat' dir='ltr'><strong>luntate</strong></span> <span class='ocrx_word' id='word_1_255' title='bbox 365 3991 540 4066; x_wconf 83' lang='lat' dir='ltr'><strong>potestatem</strong></span> <span class='ocrx_word' id='word_1_256' title='bbox 564 3981 689 4067; x_wconf 86' lang='lat' dir='ltr'><strong>publica</strong></span> <span class='ocrx_word' id='word_1_257' title='bbox 711 3990 909 4043; x_wconf 87' lang='lat' dir='ltr'><strong>monumenta</strong></span> <span class='ocrx_word' id='word_1_258' title='bbox 942 3991 973 4044; x_wconf 91' lang='lat' dir='ltr'><strong>et</strong></span> <span class='ocrx_word' id='word_1_259' title='bbox 1004 4004 1051 4045; x_wconf 92' lang='lat' dir='ltr'><strong>res</strong></span> <span class='ocrx_word' id='word_1_260' title='bbox 1070 4005 1138 4045; x_wconf 88' lang='lat' dir='ltr'><strong>suas</strong></span> <span class='ocrx_word' id='word_1_261' title='bbox 1154 3984 1375 4068; x_wconf 84' lang='lat' dir='ltr'><strong>cognoscendi,</strong></span> 
     </span>
    </p>
   </div>
   <div class='ocr_carea' id='block_1_3' title="bbox 226 4080 1377 4182">
    <p class='ocr_par' dir='ltr' id='par_1_3' title="bbox 226 4080 1377 4182">
     <span class='ocr_line' id='line_1_32' title="bbox 226 4080 1377 4182; baseline 0.008 -25"><span class='ocrx_word' id='word_1_262' title='bbox 226 4096 316 4160; x_wconf 92' lang='lat' dir='ltr'><strong>simul</strong></span> <span class='ocrx_word' id='word_1_263' title='bbox 339 4116 401 4182; x_wconf 91' lang='lat' dir='ltr'><strong>quo</strong></span> <span class='ocrx_word' id='word_1_264' title='bbox 423 4080 609 4159; x_wconf 82' lang='lat' dir='ltr'><strong>adimeretur</strong></span> <span class='ocrx_word' id='word_1_265' title='bbox 630 4094 767 4158; x_wconf 92' lang='lat' dir='ltr'><strong>Patriciis</strong></span> <span class='ocrx_word' id='word_1_266' title='bbox 790 4095 967 4159; x_wconf 91' lang='lat' dir='ltr'><strong>occultandi</strong></span> <span class='ocrx_word' id='word_1_267' title='bbox 988 4108 1018 4160; x_wconf 90' lang='lat' dir='ltr'><strong>et</strong></span> <span class='ocrx_word' id='word_1_268' title='bbox 1038 4095 1221 4181; x_wconf 82' lang='lat' dir='ltr'><strong>depravandi</strong></span> <span class='ocrx_word' id='word_1_269' title='bbox 1241 4098 1377 4166; x_wconf 87' lang='lat' dir='ltr'><strong>licentia.</strong></span> 
     </span>
    </p>
   </div>
   <div class='ocr_carea' id='block_1_4' title="bbox 223 4392 1378 4660">
    <p class='ocr_par' dir='ltr' id='par_1_4' title="bbox 223 4392 1378 4660">
     <span class='ocr_line' id='line_1_33' title="bbox 262 4392 1378 4469; baseline 0.003 -22"><span class='ocrx_word' id='word_1_270' title='bbox 262 4394 301 4462; x_wconf 87' lang='lat'><strong>(1)</strong></span> <span class='ocrx_word' id='word_1_271' title='bbox 319 4393 379 4449; x_wconf 85' lang='lat' dir='ltr'><strong>Liv.</strong></span> <span class='ocrx_word' id='word_1_272' title='bbox 402 4392 452 4449; x_wconf 85' lang='lat' dir='ltr'><strong>VI.</strong></span> <span class='ocrx_word' id='word_1_273' title='bbox 481 4395 504 4448; x_wconf 93' lang='lat'><strong>1.</strong></span> <span class='ocrx_word' id='word_1_274' title='bbox 532 4395 564 4461; x_wconf 76' lang='lat'><strong>2,</strong></span> <span class='ocrx_word' id='word_1_275' title='bbox 590 4392 656 4449; x_wconf 85' lang='lat' dir='ltr'><strong>VII.</strong></span> <span class='ocrx_word' id='word_1_276' title='bbox 684 4395 709 4448; x_wconf 90' lang='grc'><strong>3.</strong></span> <span class='ocrx_word' id='word_1_277' title='bbox 737 4393 761 4451; x_wconf 84' lang='grc'><strong>7.</strong></span> <span class='ocrx_word' id='word_1_278' title='bbox 790 4393 838 4450; x_wconf 76' lang='lat' dir='ltr'><strong>off.</strong></span> <span class='ocrx_word' id='word_1_279' title='bbox 857 4413 924 4466; x_wconf 78' lang='lat' dir='ltr'><strong>quoe</strong></span> <span class='ocrx_word' id='word_1_280' title='bbox 941 4415 1038 4469; x_wconf 88' lang='lat' dir='ltr'><strong>pauca,</strong></span> <span class='ocrx_word' id='word_1_281' title='bbox 1056 4394 1101 4450; x_wconf 87' lang='lat' dir='ltr'><strong>sed</strong></span> <span class='ocrx_word' id='word_1_282' title='bbox 1117 4394 1187 4450; x_wconf 81' lang='lat' dir='ltr'><strong>bonu</strong></span> <span class='ocrx_word' id='word_1_283' title='bbox 1201 4394 1378 4468; x_wconf 23' lang='lat' dir='ltr'><strong>‘Niebuhrius,</strong></span> 
     </span>
     <span class='ocr_line' id='line_1_34' title="bbox 225 4488 1377 4563; baseline 0.004 -19"><span class='ocrx_word' id='word_1_284' title='bbox 225 4488 315 4544; x_wconf 83' lang='lat' dir='ltr'><strong>Vortr.</strong></span> <span class='ocrx_word' id='word_1_285' title='bbox 337 4489 353 4545; x_wconf 92' lang='lat' dir='ltr'>I</span> <span class='ocrx_word' id='word_1_286' title='bbox 375 4509 401 4563; x_wconf 90' lang='lat' dir='ltr'><strong>p.</strong></span> <span class='ocrx_word' id='word_1_287' title='bbox 419 4493 436 4544; x_wconf 85' lang='lat'>4</span> <span class='ocrx_word' id='word_1_288' title='bbox 457 4509 510 4562; x_wconf 65' lang='lat' dir='ltr'><strong>sq„</strong></span> <span class='ocrx_word' id='word_1_289' title='bbox 528 4508 646 4562; x_wconf 87' lang='lat' dir='ltr'><strong>quaeque</strong></span> <span class='ocrx_word' id='word_1_290' title='bbox 663 4489 747 4546; x_wconf 82' lang='lat' dir='ltr'><strong>multo</strong></span> <span class='ocrx_word' id='word_1_291' title='bbox 764 4490 853 4563; x_wconf 87' lang='lat' dir='ltr'><strong>plura,</strong></span> <span class='ocrx_word' id='word_1_292' title='bbox 871 4491 916 4548; x_wconf 88' lang='lat' dir='ltr'><strong>sed</strong></span> <span class='ocrx_word' id='word_1_293' title='bbox 932 4510 986 4550; x_wconf 89' lang='lat' dir='ltr'><strong>uon</strong></span> <span class='ocrx_word' id='word_1_294' title='bbox 1005 4492 1091 4549; x_wconf 87' lang='lat' dir='ltr'><strong>onmia</strong></span> <span class='ocrx_word' id='word_1_295' title='bbox 1107 4499 1178 4550; x_wconf 84' lang='lat' dir='ltr'><strong>certa</strong></span> <span class='ocrx_word' id='word_1_296' title='bbox 1195 4494 1288 4551; x_wconf 78' lang='lat' dir='ltr'><strong>Sarius</strong></span> <span class='ocrx_word' id='word_1_297' title='bbox 1307 4498 1377 4550; x_wconf 80' lang='lat' dir='ltr'><strong>attu-</strong></span> 
     </span>
     <span class='ocr_line' id='line_1_35' title="bbox 223 4584 898 4660; baseline 0.007 -20"><span class='ocrx_word' id='word_1_298' title='bbox 223 4585 270 4654; x_wconf 82' lang='lat' dir='ltr'><strong>tir,</strong></span> <span class='ocrx_word' id='word_1_299' title='bbox 286 4584 304 4642; x_wconf 93' lang='lat' dir='ltr'><strong>l.</strong></span> <span class='ocrx_word' id='word_1_300' title='bbox 322 4584 340 4641; x_wconf 92' lang='lat' dir='ltr'><strong>l.</strong></span> <span class='ocrx_word' id='word_1_301' title='bbox 358 4585 389 4641; x_wconf 89' lang='lat' dir='ltr'>H</span> <span class='ocrx_word' id='word_1_302' title='bbox 407 4585 434 4660; x_wconf 84' lang='lat' dir='ltr'><strong>p</strong></span> <span class='ocrx_word' id='word_1_303' title='bbox 451 4591 502 4644; x_wconf 81' lang='lat'><strong>461</strong></span> <span class='ocrx_word' id='word_1_304' title='bbox 521 4606 591 4660; x_wconf 89' lang='lat' dir='ltr'><strong>sqq.,</strong></span> <span class='ocrx_word' id='word_1_305' title='bbox 611 4589 662 4646; x_wconf 82' lang='lat'><strong>475</strong></span> <span class='ocrx_word' id='word_1_306' title='bbox 681 4606 753 4659; x_wconf 87' lang='lat' dir='ltr'><strong>sqq.,</strong></span> <span class='ocrx_word' id='word_1_307' title='bbox 772 4591 825 4643; x_wconf 80' lang='lat'><strong>484</strong></span> <span class='ocrx_word' id='word_1_308' title='bbox 842 4607 898 4660; x_wconf 88' lang='lat' dir='ltr'><strong>sqq.</strong></span> 
     </span>
    </p>
   </div>
   <div class='ocr_carea' id='block_1_5' title="bbox 0 0 1580 5275">
    <p class='ocr_par' dir='ltr' id='par_1_5' title="bbox 0 0 1580 5275">
     <span class='ocr_line' id='line_1_36' title="bbox 0 0 1580 5275; baseline 0 0"><span class='ocrx_word' id='word_1_309' title='bbox 0 0 1580 5275; x_wconf 95' lang='lat' dir='ltr'><strong> </strong></span> 
     </span>
    </p>
   </div>
  </div>
 </body>
</html>
