<?xml version="1.0" encoding="UTF-8"?>
<!DOCTYPE html PUBLIC "-//W3C//DTD XHTML 1.0 Transitional//EN"
    "http://www.w3.org/TR/xhtml1/DTD/xhtml1-transitional.dtd">
<html xmlns="http://www.w3.org/1999/xhtml" xml:lang="en" lang="en">
 <head>
  <title>
</title>
<meta http-equiv="Content-Type" content="text/html;charset=utf-8" />
  <meta name='ocr-system' content='tesseract 3.04.00' />
  <meta name='ocr-capabilities' content='ocr_page ocr_carea ocr_par ocr_line ocrx_word'/>
</head>
<body>
  <div class='ocr_page' id='page_1' title='image "./disputatiocriti00hullgoog_0066.png"; bbox 0 0 3150 5275; ppageno 0'>
   <div class='ocr_carea' id='block_1_1' title="bbox 812 457 853 518">
    <p class='ocr_par' dir='ltr' id='par_1_1' title="bbox 812 457 853 518">
     <span class='ocr_line' id='line_1_1' title="bbox 812 457 853 518; baseline -0.024 0"><span class='ocrx_word' id='word_1_1' title='bbox 812 457 853 518; x_wconf 78' lang='lat' dir='ltr'><strong>tt</strong></span> 
     </span>
    </p>
   </div>
   <div class='ocr_carea' id='block_1_2' title="bbox 248 643 1405 2806">
    <p class='ocr_par' dir='ltr' id='par_1_2' title="bbox 248 643 1405 2806">
     <span class='ocr_line' id='line_1_2' title="bbox 251 643 1403 747; baseline 0.003 -28"><span class='ocrx_word' id='word_1_2' title='bbox 251 654 460 731; x_wconf 76' lang='lat' dir='ltr'><strong>vindicantur,</strong></span> <span class='ocrx_word' id='word_1_3' title='bbox 494 674 588 740; x_wconf 89' lang='lat' dir='ltr'><strong>quam</strong></span> <span class='ocrx_word' id='word_1_4' title='bbox 615 652 756 718; x_wconf 76' lang='lat' dir='ltr'><strong>laudatae</strong></span> <span class='ocrx_word' id='word_1_5' title='bbox 783 676 803 717; x_wconf 86' lang='lat' dir='ltr'><strong>a</strong></span> <span class='ocrx_word' id='word_1_6' title='bbox 831 654 973 740; x_wconf 71' lang='lat' dir='ltr'><strong>Dionysio</strong></span> <span class='ocrx_word' id='word_1_7' title='bbox 1004 643 1176 741; x_wconf 66' lang='grc' dir='ltr'><strong><em>ἐπιχώριοι</em></strong></span> <span class='ocrx_word' id='word_1_8' title='bbox 1207 648 1403 747; x_wconf 76' lang='grc' dir='ltr'><strong><em>ἀναγραφαί.</em></strong></span> 
     </span>
     <span class='ocr_line' id='line_1_3' title="bbox 255 765 1403 857; baseline 0 -21"><span class='ocrx_word' id='word_1_9' title='bbox 255 768 312 857; x_wconf 85' lang='lat' dir='ltr'><strong>(Gi.</strong></span> <span class='ocrx_word' id='word_1_10' title='bbox 332 767 438 852; x_wconf 84' lang='lat' dir='ltr'><strong>(lapl</strong></span> <span class='ocrx_word' id='word_1_11' title='bbox 460 788 491 852; x_wconf 91' lang='lat' dir='ltr'><strong>p.</strong></span> <span class='ocrx_word' id='word_1_12' title='bbox 514 769 552 829; x_wconf 65' lang='grc' dir='ltr'><strong>ΙΙ</strong></span> <span class='ocrx_word' id='word_1_13' title='bbox 577 765 635 855; x_wconf 89' lang='lat' dir='ltr'><strong>sq.)</strong></span> <span class='ocrx_word' id='word_1_14' title='bbox 657 766 717 832; x_wconf 85' lang='lat' dir='ltr'><strong>Sed</strong></span> <span class='ocrx_word' id='word_1_15' title='bbox 739 767 776 833; x_wconf 89' lang='lat' dir='ltr'><strong>ad</strong></span> <span class='ocrx_word' id='word_1_16' title='bbox 800 769 919 856; x_wconf 87' lang='lat' dir='ltr'><strong>reliqua</strong></span> <span class='ocrx_word' id='word_1_17' title='bbox 941 789 1044 854; x_wconf 88' lang='lat' dir='ltr'><strong>pergo.</strong></span> <span class='ocrx_word' id='word_1_18' title='bbox 1068 765 1255 854; x_wconf 68' lang='lat' dir='ltr'><strong>Pontificum</strong></span> <span class='ocrx_word' id='word_1_19' title='bbox 1276 771 1403 836; x_wconf 77' lang='lat' dir='ltr'><strong>ouooioo</strong></span> 
     </span>
     <span class='ocr_line' id='line_1_4' title="bbox 253 881 1404 972; baseline 0.003 -24"><span class='ocrx_word' id='word_1_20' title='bbox 253 884 481 967; x_wconf 88' lang='lat' dir='ltr'><strong>Quinctilianus</strong></span> <span class='ocrx_word' id='word_1_21' title='bbox 503 881 596 961; x_wconf 82' lang='lat' dir='ltr'>dixit,</span> <span class='ocrx_word' id='word_1_22' title='bbox 619 884 644 949; x_wconf 88' lang='lat' dir='ltr'><strong>l.</strong></span> <span class='ocrx_word' id='word_1_23' title='bbox 666 882 705 949; x_wconf 87' lang='lat'><strong>0.</strong></span> <span class='ocrx_word' id='word_1_24' title='bbox 724 884 762 949; x_wconf 88' lang='lat' dir='ltr'><strong>X.</strong></span> <span class='ocrx_word' id='word_1_25' title='bbox 782 886 814 949; x_wconf 65' lang='grc' dir='ltr'><strong>Ι.</strong></span> <span class='ocrx_word' id='word_1_26' title='bbox 833 887 863 949; x_wconf 90' lang='lat'><strong>7.</strong></span> <span class='ocrx_word' id='word_1_27' title='bbox 883 883 950 947; x_wconf 89' lang='lat' dir='ltr'><strong>Non</strong></span> <span class='ocrx_word' id='word_1_28' title='bbox 971 882 1051 947; x_wconf 86' lang='lat' dir='ltr'><strong>male</strong></span> <span class='ocrx_word' id='word_1_29' title='bbox 1070 885 1223 968; x_wconf 87' lang='lat' dir='ltr'><strong>proiecto,</strong></span> <span class='ocrx_word' id='word_1_30' title='bbox 1243 887 1299 951; x_wconf 89' lang='lat' dir='ltr'><strong>etsi</strong></span> <span class='ocrx_word' id='word_1_31' title='bbox 1310 888 1404 972; x_wconf 87' lang='lat' dir='ltr'><strong>paulo</strong></span> 
     </span>
     <span class='ocr_line' id='line_1_5' title="bbox 252 995 1404 1085; baseline 0.001 -22"><span class='ocrx_word' id='word_1_32' title='bbox 252 998 428 1085; x_wconf 82' lang='lat' dir='ltr'><strong>diligentius</strong></span> <span class='ocrx_word' id='word_1_33' title='bbox 464 995 591 1062; x_wconf 87' lang='lat' dir='ltr'><strong>ooooles</strong></span> <span class='ocrx_word' id='word_1_34' title='bbox 624 995 812 1083; x_wconf 72' lang='lat' dir='ltr'><strong>Pontificum</strong></span> <span class='ocrx_word' id='word_1_35' title='bbox 840 995 1051 1063; x_wconf 71' lang='lat' dir='ltr'><strong><em>Maximorum</em></strong></span> <span class='ocrx_word' id='word_1_36' title='bbox 1088 997 1194 1064; x_wconf 86' lang='lat' dir='ltr'><strong>Cicero</strong></span> <span class='ocrx_word' id='word_1_37' title='bbox 1226 1011 1333 1079; x_wconf 81' lang='lat' dir='ltr'><strong>vocat,</strong></span> <span class='ocrx_word' id='word_1_38' title='bbox 1366 999 1404 1064; x_wconf 91' lang='lat' dir='ltr'><strong>de</strong></span> 
     </span>
     <span class='ocr_line' id='line_1_6' title="bbox 252 1112 1403 1201; baseline -0.001 -22"><span class='ocrx_word' id='word_1_39' title='bbox 252 1114 346 1200; x_wconf 76' lang='lat' dir='ltr'><strong>legg.</strong></span> <span class='ocrx_word' id='word_1_40' title='bbox 373 1114 394 1178; x_wconf 92' lang='lat' dir='ltr'><strong>l.</strong></span> <span class='ocrx_word' id='word_1_41' title='bbox 415 1113 436 1178; x_wconf 93' lang='lat' dir='ltr'><strong>l.</strong></span> <span class='ocrx_word' id='word_1_42' title='bbox 465 1112 536 1194; x_wconf 85' lang='lat' dir='ltr'><strong>Quo</strong></span> <span class='ocrx_word' id='word_1_43' title='bbox 563 1113 631 1177; x_wconf 88' lang='lat' dir='ltr'><strong>loco</strong></span> <span class='ocrx_word' id='word_1_44' title='bbox 661 1112 817 1177; x_wconf 73' lang='lat' dir='ltr'><strong>maximos</strong></span> <span class='ocrx_word' id='word_1_45' title='bbox 844 1112 1111 1177; x_wconf 73' lang='lat' dir='ltr'><strong>commendantem</strong></span> <span class='ocrx_word' id='word_1_46' title='bbox 1132 1115 1283 1178; x_wconf 88' lang='lat' dir='ltr'><strong>lloserum</strong></span> <span class='ocrx_word' id='word_1_47' title='bbox 1304 1115 1403 1201; x_wconf 85' lang='lat' dir='ltr'><strong>fugit,</strong></span> 
     </span>
     <span class='ocr_line' id='line_1_7' title="bbox 251 1228 1405 1315; baseline 0.003 -25"><span class='ocrx_word' id='word_1_48' title='bbox 251 1228 295 1291; x_wconf 91' lang='lat' dir='ltr'><strong>ita</strong></span> <span class='ocrx_word' id='word_1_49' title='bbox 317 1228 526 1314; x_wconf 81' lang='lat' dir='ltr'><strong>gravissimum</strong></span> <span class='ocrx_word' id='word_1_50' title='bbox 550 1228 634 1291; x_wconf 88' lang='lat' dir='ltr'><strong>nasci</strong></span> <span class='ocrx_word' id='word_1_51' title='bbox 661 1230 716 1315; x_wconf 90' lang='lat' dir='ltr'><strong>qui</strong></span> <span class='ocrx_word' id='word_1_52' title='bbox 744 1228 858 1293; x_wconf 88' lang='lat' dir='ltr'><strong>dicitur</strong></span> <span class='ocrx_word' id='word_1_53' title='bbox 879 1228 1110 1315; x_wconf 90' lang='lat' dir='ltr'><strong>pleonasmum,</strong></span> <span class='ocrx_word' id='word_1_54' title='bbox 1131 1230 1205 1293; x_wconf 90' lang='lat' dir='ltr'><strong>scite</strong></span> <span class='ocrx_word' id='word_1_55' title='bbox 1226 1239 1364 1293; x_wconf 89' lang='lat' dir='ltr'><strong>notatum</strong></span> <span class='ocrx_word' id='word_1_56' title='bbox 1386 1251 1405 1293; x_wconf 92' lang='lat' dir='ltr'><strong>a</strong></span> 
     </span>
     <span class='ocr_line' id='line_1_8' title="bbox 250 1341 1404 1428; baseline 0.001 -22"><span class='ocrx_word' id='word_1_57' title='bbox 250 1341 365 1420; x_wconf 86' lang='lat' dir='ltr'><strong>Balrio,</strong></span> <span class='ocrx_word' id='word_1_58' title='bbox 396 1354 591 1428; x_wconf 78' lang='lat' dir='ltr'><strong>comparante</strong></span> <span class='ocrx_word' id='word_1_59' title='bbox 623 1341 755 1407; x_wconf 85' lang='lat' dir='ltr'><strong>edictum</strong></span> <span class='ocrx_word' id='word_1_60' title='bbox 785 1341 963 1408; x_wconf 84' lang='lat' dir='ltr'><strong>aedilicium</strong></span> <span class='ocrx_word' id='word_1_61' title='bbox 983 1341 1150 1409; x_wconf 78' lang='lat' dir='ltr'><strong>Aedilium.</strong></span> <span class='ocrx_word' id='word_1_62' title='bbox 1175 1342 1243 1407; x_wconf 80' lang='lat' dir='ltr'><strong>Alia</strong></span> <span class='ocrx_word' id='word_1_63' title='bbox 1270 1342 1404 1422; x_wconf 82' lang='lat' dir='ltr'><strong>Mosero,</strong></span> 
     </span>
     <span class='ocr_line' id='line_1_9' title="bbox 252 1456 1402 1545; baseline -0.001 -23"><span class='ocrx_word' id='word_1_64' title='bbox 252 1460 341 1524; x_wconf 91' lang='lat' dir='ltr'><strong>cuius</strong></span> <span class='ocrx_word' id='word_1_65' title='bbox 377 1460 552 1524; x_wconf 88' lang='lat' dir='ltr'><strong>coniectura</strong></span> <span class='ocrx_word' id='word_1_66' title='bbox 585 1458 701 1524; x_wconf 90' lang='lat' dir='ltr'><strong>Orellio</strong></span> <span class='ocrx_word' id='word_1_67' title='bbox 738 1459 873 1544; x_wconf 82' lang='lat' dir='ltr'><strong>placuit,</strong></span> <span class='ocrx_word' id='word_1_68' title='bbox 907 1469 1113 1544; x_wconf 91' lang='lat' dir='ltr'><strong>opposuerunt</strong></span> <span class='ocrx_word' id='word_1_69' title='bbox 1149 1456 1402 1545; x_wconf 86' lang='lat' dir='ltr'><strong>Feldhuegelius,</strong></span> 
     </span>
     <span class='ocr_line' id='line_1_10' title="bbox 251 1572 1403 1660; baseline 0.002 -23"><span class='ocrx_word' id='word_1_70' title='bbox 251 1586 418 1640; x_wconf 85' lang='lat' dir='ltr'><strong>comment.</strong></span> <span class='ocrx_word' id='word_1_71' title='bbox 440 1576 506 1639; x_wconf 93' lang='lat' dir='ltr'><strong>eius</strong></span> <span class='ocrx_word' id='word_1_72' title='bbox 526 1575 588 1639; x_wconf 90' lang='lat' dir='ltr'><strong>loci</strong></span> <span class='ocrx_word' id='word_1_73' title='bbox 610 1597 642 1660; x_wconf 89' lang='lat' dir='ltr'><strong>p.</strong></span> <span class='ocrx_word' id='word_1_74' title='bbox 669 1578 724 1651; x_wconf 95' lang='lat' dir='ltr'><strong>ll,</strong></span> <span class='ocrx_word' id='word_1_75' title='bbox 748 1584 779 1636; x_wconf 88' lang='lat' dir='ltr'><strong>et</strong></span> <span class='ocrx_word' id='word_1_76' title='bbox 800 1573 957 1650; x_wconf 87' lang='lat' dir='ltr'><strong>Klotnius,</strong></span> <span class='ocrx_word' id='word_1_77' title='bbox 980 1572 1097 1638; x_wconf 85' lang='lat' dir='ltr'><strong>enchir.</strong></span> <span class='ocrx_word' id='word_1_78' title='bbox 1120 1573 1136 1635; x_wconf 99' lang='grc' dir='ltr'>Ι</span> <span class='ocrx_word' id='word_1_79' title='bbox 1157 1594 1188 1657; x_wconf 91' lang='lat' dir='ltr'><strong>p.</strong></span> <span class='ocrx_word' id='word_1_80' title='bbox 1214 1574 1275 1639; x_wconf 70' lang='lat'><strong>562</strong></span> <span class='ocrx_word' id='word_1_81' title='bbox 1297 1581 1403 1639; x_wconf 83' lang='lat' dir='ltr'><strong>annot.</strong></span> 
     </span>
     <span class='ocr_line' id='line_1_11' title="bbox 253 1683 1405 1773; baseline -0.003 -22"><span class='ocrx_word' id='word_1_82' title='bbox 253 1690 326 1754; x_wconf 74' lang='lat'><strong>511.</strong></span> <span class='ocrx_word' id='word_1_83' title='bbox 358 1688 516 1753; x_wconf 88' lang='lat' dir='ltr'><strong>Siccamae</strong></span> <span class='ocrx_word' id='word_1_84' title='bbox 547 1709 680 1752; x_wconf 89' lang='lat' dir='ltr'><strong>errorem</strong></span> <span class='ocrx_word' id='word_1_85' title='bbox 707 1685 836 1750; x_wconf 85' lang='lat' dir='ltr'><strong>onuoles</strong></span> <span class='ocrx_word' id='word_1_86' title='bbox 865 1684 999 1750; x_wconf 76' lang='lat' dir='ltr'><strong>Maximi</strong></span> <span class='ocrx_word' id='word_1_87' title='bbox 1021 1683 1200 1773; x_wconf 88' lang='lat' dir='ltr'><strong>(Pontifiois)</strong></span> <span class='ocrx_word' id='word_1_88' title='bbox 1224 1684 1321 1749; x_wconf 82' lang='lat' dir='ltr'><strong>dictos</strong></span> <span class='ocrx_word' id='word_1_89' title='bbox 1343 1705 1405 1771; x_wconf 90' lang='lat' dir='ltr'><strong>pu·</strong></span> 
     </span>
     <span class='ocr_line' id='line_1_12' title="bbox 250 1798 1399 1888; baseline -0.001 -24"><span class='ocrx_word' id='word_1_90' title='bbox 250 1802 340 1864; x_wconf 84' lang='lat' dir='ltr'><strong>tantis</strong></span> <span class='ocrx_word' id='word_1_91' title='bbox 373 1802 439 1865; x_wconf 89' lang='lat' dir='ltr'><strong>iure</strong></span> <span class='ocrx_word' id='word_1_92' title='bbox 472 1802 586 1865; x_wconf 83' lang='lat' dir='ltr'><strong>notavit</strong></span> <span class='ocrx_word' id='word_1_93' title='bbox 611 1799 747 1866; x_wconf 86' lang='lat' dir='ltr'><strong>Clericus</strong></span> <span class='ocrx_word' id='word_1_94' title='bbox 773 1823 805 1886; x_wconf 92' lang='lat' dir='ltr'><strong>p.</strong></span> <span class='ocrx_word' id='word_1_95' title='bbox 831 1803 890 1864; x_wconf 73' lang='lat'><strong>127</strong></span> <span class='ocrx_word' id='word_1_96' title='bbox 918 1799 991 1888; x_wconf 83' lang='lat' dir='ltr'><strong>(rid.</strong></span> <span class='ocrx_word' id='word_1_97' title='bbox 1023 1821 1114 1885; x_wconf 86' lang='lat' dir='ltr'><strong>supra</strong></span> <span class='ocrx_word' id='word_1_98' title='bbox 1144 1822 1176 1884; x_wconf 90' lang='lat' dir='ltr'><strong>p.</strong></span> <span class='ocrx_word' id='word_1_99' title='bbox 1200 1798 1275 1888; x_wconf 72' lang='lat'>20):</span> <span class='ocrx_word' id='word_1_100' title='bbox 1298 1800 1399 1864; x_wconf 88' lang='lat' dir='ltr'><strong>inanis</strong></span> 
     </span>
     <span class='ocr_line' id='line_1_13' title="bbox 250 1913 1401 2002; baseline -0.001 -24"><span class='ocrx_word' id='word_1_101' title='bbox 250 1915 335 1978; x_wconf 90' lang='lat' dir='ltr'><strong>enim</strong></span> <span class='ocrx_word' id='word_1_102' title='bbox 368 1917 545 1980; x_wconf 89' lang='lat' dir='ltr'><strong>coniectura</strong></span> <span class='ocrx_word' id='word_1_103' title='bbox 577 1926 640 1991; x_wconf 88' lang='lat' dir='ltr'><strong>est,</strong></span> <span class='ocrx_word' id='word_1_104' title='bbox 674 1914 710 1980; x_wconf 88' lang='lat' dir='ltr'><strong>ad</strong></span> <span class='ocrx_word' id='word_1_105' title='bbox 745 1937 840 2002; x_wconf 90' lang='lat' dir='ltr'><strong>quam</strong></span> <span class='ocrx_word' id='word_1_106' title='bbox 871 1937 911 1979; x_wconf 89' lang='lat' dir='ltr'><strong>ne</strong></span> <span class='ocrx_word' id='word_1_107' title='bbox 956 1915 1035 1979; x_wconf 82' lang='lat' dir='ltr'><strong>Festi</strong></span> <span class='ocrx_word' id='word_1_108' title='bbox 1076 1913 1203 2000; x_wconf 90' lang='lat' dir='ltr'><strong>quidem</strong></span> <span class='ocrx_word' id='word_1_109' title='bbox 1246 1914 1401 1977; x_wconf 88' lang='lat' dir='ltr'><strong>annotatio</strong></span> 
     </span>
     <span class='ocr_line' id='line_1_14' title="bbox 250 2025 1401 2115; baseline 0 -26"><span class='ocrx_word' id='word_1_110' title='bbox 250 2037 346 2111; x_wconf 90' lang='lat' dir='ltr'><strong>potest</strong></span> <span class='ocrx_word' id='word_1_111' title='bbox 374 2026 612 2093; x_wconf 88' lang='lat' dir='ltr'><strong>accommodari.</strong></span> <span class='ocrx_word' id='word_1_112' title='bbox 633 2029 703 2101; x_wconf 78' lang='lat' dir='ltr'><strong>‚Nec</strong></span> <span class='ocrx_word' id='word_1_113' title='bbox 735 2028 836 2115; x_wconf 90' lang='lat' dir='ltr'><strong>quoad</strong></span> <span class='ocrx_word' id='word_1_114' title='bbox 866 2030 960 2093; x_wconf 90' lang='lat' dir='ltr'><strong>sciam</strong></span> <span class='ocrx_word' id='word_1_115' title='bbox 990 2029 1071 2091; x_wconf 89' lang='lat' dir='ltr'><strong>inter</strong></span> <span class='ocrx_word' id='word_1_116' title='bbox 1091 2025 1247 2091; x_wconf 72' lang='lat' dir='ltr'><strong>dioximus</strong></span> <span class='ocrx_word' id='word_1_117' title='bbox 1265 2026 1401 2112; x_wconf 89' lang='lat' dir='ltr'><strong>plurium</strong></span> 
     </span>
     <span class='ocr_line' id='line_1_15' title="bbox 249 2139 1403 2227; baseline -0.001 -23"><span class='ocrx_word' id='word_1_118' title='bbox 249 2141 466 2226; x_wconf 91' lang='lat' dir='ltr'><strong>collegiorum,</strong></span> <span class='ocrx_word' id='word_1_119' title='bbox 489 2142 670 2227; x_wconf 79' lang='lat' dir='ltr'><strong>Augurum,</strong></span> <span class='ocrx_word' id='word_1_120' title='bbox 694 2143 1090 2220; x_wconf 86' lang='lat' dir='ltr'><strong>Praetornm,Gurionum,</strong></span> <span class='ocrx_word' id='word_1_121' title='bbox 1113 2163 1170 2226; x_wconf 87' lang='lat' dir='ltr'><strong>per</strong></span> <span class='ocrx_word' id='word_1_122' title='bbox 1191 2139 1403 2204; x_wconf 84' lang='lat' dir='ltr'><strong>excellentiam</strong></span> 
     </span>
     <span class='ocr_line' id='line_1_16' title="bbox 248 2253 1403 2343; baseline -0.001 -24"><span class='ocrx_word' id='word_1_123' title='bbox 248 2253 426 2319; x_wconf 73' lang='lat' dir='ltr'><strong>Maximum</strong></span> <span class='ocrx_word' id='word_1_124' title='bbox 454 2255 614 2334; x_wconf 77' lang='lat' dir='ltr'><strong>dixerunt,</strong></span> <span class='ocrx_word' id='word_1_125' title='bbox 643 2258 697 2343; x_wconf 91' lang='lat' dir='ltr'><strong>qui</strong></span> <span class='ocrx_word' id='word_1_126' title='bbox 720 2256 905 2321; x_wconf 90' lang='lat' dir='ltr'><strong>Pontificum</strong></span> <span class='ocrx_word' id='word_1_127' title='bbox 926 2257 1055 2343; x_wconf 90' lang='lat' dir='ltr'><strong>collegio</strong></span> <span class='ocrx_word' id='word_1_128' title='bbox 1077 2266 1237 2342; x_wconf 83' lang='lat' dir='ltr'><strong>praeesset.</strong></span> <span class='ocrx_word' id='word_1_129' title='bbox 1260 2254 1403 2321; x_wconf 86' lang='lat' dir='ltr'><strong>Ceterum</strong></span> 
     </span>
     <span class='ocr_line' id='line_1_17' title="bbox 249 2369 1403 2459; baseline 0.001 -27"><span class='ocrx_word' id='word_1_130' title='bbox 249 2370 395 2455; x_wconf 88' lang='lat' dir='ltr'><strong>quoniam</strong></span> <span class='ocrx_word' id='word_1_131' title='bbox 429 2369 468 2433; x_wconf 91' lang='lat' dir='ltr'><strong>de</strong></span> <span class='ocrx_word' id='word_1_132' title='bbox 499 2371 588 2435; x_wconf 84' lang='lat' dir='ltr'><strong>titulo</strong></span> <span class='ocrx_word' id='word_1_133' title='bbox 620 2372 739 2456; x_wconf 87' lang='lat' dir='ltr'><strong>agimus</strong></span> <span class='ocrx_word' id='word_1_134' title='bbox 768 2383 800 2434; x_wconf 88' lang='lat' dir='ltr'><strong>et</strong></span> <span class='ocrx_word' id='word_1_135' title='bbox 829 2372 1024 2450; x_wconf 90' lang='lat' dir='ltr'><strong>nominibus,</strong></span> <span class='ocrx_word' id='word_1_136' title='bbox 1057 2372 1171 2459; x_wconf 88' lang='lat' dir='ltr'><strong>quibus</strong></span> <span class='ocrx_word' id='word_1_137' title='bbox 1204 2370 1403 2457; x_wconf 83' lang='lat' dir='ltr'><strong>designantur</strong></span> 
     </span>
     <span class='ocr_line' id='line_1_18' title="bbox 250 2480 1400 2568; baseline 0.005 -23"><span class='ocrx_word' id='word_1_138' title='bbox 250 2480 437 2568; x_wconf 72' lang='lat' dir='ltr'><strong>Pontificum</strong></span> <span class='ocrx_word' id='word_1_139' title='bbox 467 2484 610 2563; x_wconf 76' lang='grc' dir='ltr'><strong><em>συνοίει,</em></strong></span> <span class='ocrx_word' id='word_1_140' title='bbox 646 2486 686 2551; x_wconf 88' lang='lat' dir='ltr'><strong>ab</strong></span> <span class='ocrx_word' id='word_1_141' title='bbox 719 2486 778 2552; x_wconf 89' lang='lat' dir='ltr'><strong>hoo</strong></span> <span class='ocrx_word' id='word_1_142' title='bbox 808 2488 876 2551; x_wconf 90' lang='lat' dir='ltr'><strong>loco</strong></span> <span class='ocrx_word' id='word_1_143' title='bbox 909 2509 971 2551; x_wconf 92' lang='lat' dir='ltr'><strong>non</strong></span> <span class='ocrx_word' id='word_1_144' title='bbox 1001 2489 1139 2553; x_wconf 88' lang='lat' dir='ltr'><strong>alienum</strong></span> <span class='ocrx_word' id='word_1_145' title='bbox 1170 2488 1224 2564; x_wconf 91' lang='lat' dir='ltr'><strong>sit,</strong></span> <span class='ocrx_word' id='word_1_146' title='bbox 1255 2486 1400 2551; x_wconf 83' lang='lat' dir='ltr'><strong>revocatis</strong></span> 
     </span>
     <span class='ocr_line' id='line_1_19' title="bbox 249 2596 1399 2692; baseline 0.003 -32"><span class='ocrx_word' id='word_1_147' title='bbox 249 2596 384 2682; x_wconf 91' lang='lat' dir='ltr'><strong>primum</strong></span> <span class='ocrx_word' id='word_1_148' title='bbox 415 2600 447 2662; x_wconf 94' lang='lat' dir='ltr'><strong>in</strong></span> <span class='ocrx_word' id='word_1_149' title='bbox 476 2602 655 2666; x_wconf 89' lang='lat' dir='ltr'><strong>memoriam</strong></span> <span class='ocrx_word' id='word_1_150' title='bbox 685 2603 782 2668; x_wconf 83' lang='lat' dir='ltr'><strong>verbis</strong></span> <span class='ocrx_word' id='word_1_151' title='bbox 823 2603 943 2669; x_wconf 83' lang='lat' dir='ltr'><strong>Catonis</strong></span> <span class='ocrx_word' id='word_1_152' title='bbox 985 2601 1094 2692; x_wconf 84' lang='lat' dir='ltr'><strong>«quod</strong></span> <span class='ocrx_word' id='word_1_153' title='bbox 1122 2602 1155 2667; x_wconf 94' lang='lat' dir='ltr'><strong>in</strong></span> <span class='ocrx_word' id='word_1_154' title='bbox 1183 2599 1288 2666; x_wconf 82' lang='lat' dir='ltr'><strong>tobulo</strong></span> <span class='ocrx_word' id='word_1_155' title='bbox 1315 2598 1399 2685; x_wconf 84' lang='lat' dir='ltr'><strong>opud</strong></span> 
     </span>
     <span class='ocr_line' id='line_1_20' title="bbox 248 2708 1398 2806; baseline 0.005 -31"><span class='ocrx_word' id='word_1_156' title='bbox 248 2708 431 2798; x_wconf 68' lang='lat' dir='ltr'><strong>Pontificem</strong></span> <span class='ocrx_word' id='word_1_157' title='bbox 454 2712 627 2780; x_wconf 75' lang='lat' dir='ltr'><strong>Moaimum</strong></span> <span class='ocrx_word' id='word_1_158' title='bbox 647 2729 736 2796; x_wconf 85' lang='lat' dir='ltr'><strong>est»,</strong></span> <span class='ocrx_word' id='word_1_159' title='bbox 760 2718 935 2798; x_wconf 88' lang='lat' dir='ltr'><strong>ostendere,</strong></span> <span class='ocrx_word' id='word_1_160' title='bbox 958 2742 1053 2806; x_wconf 91' lang='lat' dir='ltr'><strong>quam</strong></span> <span class='ocrx_word' id='word_1_161' title='bbox 1072 2720 1110 2783; x_wconf 88' lang='lat' dir='ltr'><strong>sit</strong></span> <span class='ocrx_word' id='word_1_162' title='bbox 1126 2718 1296 2782; x_wconf 84' lang='lat' dir='ltr'><strong>verisimilis</strong></span> <span class='ocrx_word' id='word_1_163' title='bbox 1323 2740 1398 2782; x_wconf 91' lang='lat' dir='ltr'><strong>oon-</strong></span> 
     </span>
    </p>
   </div>
   <div class='ocr_carea' id='block_1_3' title="bbox 245 2826 1403 3027">
    <p class='ocr_par' dir='ltr' id='par_1_3' title="bbox 245 2826 1403 3027">
     <span class='ocr_line' id='line_1_21' title="bbox 245 2826 1403 2920; baseline 0.009 -32"><span class='ocrx_word' id='word_1_164' title='bbox 245 2826 379 2905; x_wconf 87' lang='lat' dir='ltr'><strong>iectura,</strong></span> <span class='ocrx_word' id='word_1_165' title='bbox 402 2827 481 2892; x_wconf 85' lang='lat' dir='ltr'><strong>lacta</strong></span> <span class='ocrx_word' id='word_1_166' title='bbox 503 2851 521 2892; x_wconf 88' lang='lat' dir='ltr'><strong>a</strong></span> <span class='ocrx_word' id='word_1_167' title='bbox 543 2829 711 2897; x_wconf 88' lang='lat' dir='ltr'><strong>Niebuhrio</strong></span> <span class='ocrx_word' id='word_1_168' title='bbox 726 2831 829 2920; x_wconf 82' lang='lat' dir='ltr'><strong>(Rom.</strong></span> <span class='ocrx_word' id='word_1_169' title='bbox 849 2833 961 2900; x_wconf 86' lang='lat' dir='ltr'><strong>Gesch.</strong></span> <span class='ocrx_word' id='word_1_170' title='bbox 983 2835 999 2897; x_wconf 96' lang='grc' dir='ltr'>Ι</span> <span class='ocrx_word' id='word_1_171' title='bbox 1021 2855 1052 2919; x_wconf 89' lang='lat' dir='ltr'><strong>p.</strong></span> <span class='ocrx_word' id='word_1_172' title='bbox 1076 2833 1151 2920; x_wconf 65' lang='grc' dir='ltr'><strong>ΜΘ)</strong></span> <span class='ocrx_word' id='word_1_173' title='bbox 1165 2833 1199 2896; x_wconf 94' lang='lat' dir='ltr'><strong>in</strong></span> <span class='ocrx_word' id='word_1_174' title='bbox 1223 2832 1403 2898; x_wconf 63' lang='lat' dir='ltr'><strong>testimonio⁴</strong></span> 
     </span>
     <span class='ocr_line' id='line_1_22' title="bbox 247 2939 627 3027; baseline 0.013 -24"><span class='ocrx_word' id='word_1_175' title='bbox 247 2939 384 3027; x_wconf 81' lang='lat' dir='ltr'><strong>Dionysii</strong></span> <span class='ocrx_word' id='word_1_176' title='bbox 406 2941 443 3008; x_wconf 78' lang='grc' dir='ltr'><strong>Α.</strong></span> <span class='ocrx_word' id='word_1_177' title='bbox 464 2943 503 3007; x_wconf 90' lang='lat' dir='ltr'><strong>R.</strong></span> <span class='ocrx_word' id='word_1_178' title='bbox 526 2944 551 3007; x_wconf 92' lang='grc' dir='ltr'><strong>Ι.</strong></span> <span class='ocrx_word' id='word_1_179' title='bbox 576 2947 627 3009; x_wconf 84' lang='grc'><strong>74.</strong></span> 
     </span>
    </p>
   </div>
   <div class='ocr_carea' id='block_1_4' title="bbox 333 3101 1403 3655">
    <p class='ocr_par' dir='ltr' id='par_1_4' title="bbox 333 3101 1403 3655">
     <span class='ocr_line' id='line_1_23' title="bbox 373 3101 1400 3206; baseline 0.005 -28"><span class='ocrx_word' id='word_1_180' title='bbox 373 3103 439 3178; x_wconf 75' lang='grc' dir='ltr'><strong>Οὐκ</strong></span> <span class='ocrx_word' id='word_1_181' title='bbox 457 3101 630 3196; x_wconf 74' lang='grc' dir='ltr'><strong><em>ἠξίουν,αίς</em></strong></span> <span class='ocrx_word' id='word_1_182' title='bbox 641 3105 1286 3206; x_wconf 78' lang='grc' dir='ltr'><strong><em>ΠολύβιοςὸΜεγαλοπολίτης,ιοσοῦνον</em></strong></span> <span class='ocrx_word' id='word_1_183' title='bbox 1304 3107 1400 3201; x_wconf 86' lang='grc' dir='ltr'><strong><em>μόνον</em></strong></span> 
     </span>
     <span class='ocr_line' id='line_1_24' title="bbox 335 3217 1402 3321; baseline 0.011 -33"><span class='ocrx_word' id='word_1_184' title='bbox 335 3221 453 3304; x_wconf 80' lang='grc' dir='ltr'><strong><em>εἰπεῖν,</em></strong></span> <span class='ocrx_word' id='word_1_185' title='bbox 477 3217 680 3293; x_wconf 69' lang='lat' dir='ltr'><strong>detumulari</strong></span> <span class='ocrx_word' id='word_1_186' title='bbox 698 3219 851 3317; x_wconf 69' lang='grc' dir='ltr'><strong><em>δεύτερον</em></strong></span> <span class='ocrx_word' id='word_1_187' title='bbox 867 3226 940 3307; x_wconf 70' lang='grc' dir='ltr'><strong><em>ἔτος</em></strong></span> <span class='ocrx_word' id='word_1_188' title='bbox 960 3233 1018 3321; x_wconf 79' lang='grc' dir='ltr'><strong>τῆς</strong></span> <span class='ocrx_word' id='word_1_189' title='bbox 1033 3223 1174 3321; x_wconf 74' lang='grc' dir='ltr'><strong>ἑβδόμης</strong></span> <span class='ocrx_word' id='word_1_190' title='bbox 1191 3223 1402 3318; x_wconf 72' lang='grc' dir='ltr'><strong><em>Ὀλυμπιάδος</em></strong></span> 
     </span>
     <span class='ocr_line' id='line_1_25' title="bbox 334 3328 1403 3435; baseline 0.007 -31"><span class='ocrx_word' id='word_1_191' title='bbox 334 3337 391 3427; x_wconf 73' lang='grc' dir='ltr'><strong>τήν</strong></span> <span class='ocrx_word' id='word_1_192' title='bbox 408 3328 530 3427; x_wconf 79' lang='grc' dir='ltr'><strong><em>Ῥώμην</em></strong></span> <span class='ocrx_word' id='word_1_193' title='bbox 545 3330 690 3406; x_wconf 73' lang='grc' dir='ltr'><strong><em>ἐκτίσθαι</em></strong></span> <span class='ocrx_word' id='word_1_194' title='bbox 703 3340 876 3427; x_wconf 81' lang='grc' dir='ltr'><strong><em>πείθομαι,</em></strong></span> <span class='ocrx_word' id='word_1_195' title='bbox 899 3336 968 3410; x_wconf 79' lang='lat' dir='ltr'><strong>orid&#39;</strong></span> <span class='ocrx_word' id='word_1_196' title='bbox 987 3344 1043 3410; x_wconf 78' lang='grc' dir='ltr'><strong>ἐπὶ</strong></span> <span class='ocrx_word' id='word_1_197' title='bbox 1072 3348 1145 3412; x_wconf 80' lang='grc' dir='ltr'><strong>τοῦ</strong></span> <span class='ocrx_word' id='word_1_198' title='bbox 1170 3340 1285 3435; x_wconf 75' lang='grc' dir='ltr'><strong><em>παρα</em></strong></span> <span class='ocrx_word' id='word_1_199' title='bbox 1311 3350 1403 3422; x_wconf 76' lang='grc' dir='ltr'><strong><em>τοῖς</em></strong></span> 
     </span>
     <span class='ocr_line' id='line_1_26' title="bbox 334 3449 1403 3549; baseline 0.003 -26"><span class='ocrx_word' id='word_1_200' title='bbox 334 3449 608 3544; x_wconf 74' lang='grc' dir='ltr'><strong><em>Ἀρχιερεῦσι</em></strong></span> <span class='ocrx_word' id='word_1_201' title='bbox 636 3455 832 3537; x_wconf 82' lang='grc' dir='ltr'><strong><em>κειμένου</em></strong></span> <span class='ocrx_word' id='word_1_202' title='bbox 859 3458 1035 3536; x_wconf 75' lang='grc' dir='ltr'><strong><em>πίνακος</em></strong></span> <span class='ocrx_word' id='word_1_203' title='bbox 1062 3453 1133 3536; x_wconf 73' lang='lat' dir='ltr'><strong>iude</strong></span> <span class='ocrx_word' id='word_1_204' title='bbox 1153 3460 1207 3526; x_wconf 80' lang='lat' dir='ltr'><strong>nol</strong></span> <span class='ocrx_word' id='word_1_205' title='bbox 1226 3452 1327 3544; x_wconf 85' lang='grc' dir='ltr'><strong><em>μόνου</em></strong></span> <span class='ocrx_word' id='word_1_206' title='bbox 1346 3454 1403 3549; x_wconf 68' lang='grc' dir='ltr'><strong>τὴν</strong></span> 
     </span>
     <span class='ocr_line' id='line_1_27' title="bbox 333 3560 883 3655; baseline 0.002 -18"><span class='ocrx_word' id='word_1_207' title='bbox 333 3571 443 3637; x_wconf 80' lang='grc' dir='ltr'><strong><em>πίστιν</em></strong></span> <span class='ocrx_word' id='word_1_208' title='bbox 464 3560 679 3655; x_wconf 69' lang='grc' dir='ltr'><strong><em>ἀβασάνιστον</em></strong></span> <span class='ocrx_word' id='word_1_209' title='bbox 700 3563 883 3638; x_wconf 71' lang='lat' dir='ltr'><strong>declinato.</strong></span> 
     </span>
    </p>
   </div>
   <div class='ocr_carea' id='block_1_5' title="bbox 242 3735 1399 4638">
    <p class='ocr_par' dir='ltr' id='par_1_5' title="bbox 242 3735 1399 4638">
     <span class='ocr_line' id='line_1_28' title="bbox 290 3735 1398 3834; baseline 0.004 -26"><span class='ocrx_word' id='word_1_210' title='bbox 290 3743 397 3808; x_wconf 84' lang='lat' dir='ltr'><strong>Editur</strong></span> <span class='ocrx_word' id='word_1_211' title='bbox 425 3746 507 3809; x_wconf 89' lang='lat' dir='ltr'><strong>enim</strong></span> <span class='ocrx_word' id='word_1_212' title='bbox 538 3745 631 3829; x_wconf 82' lang='lat' dir='ltr'><strong>vulgo</strong></span> <span class='ocrx_word' id='word_1_213' title='bbox 652 3735 856 3828; x_wconf 80' lang='grc' dir='ltr'><strong><em>Ἀγχισεῦσι,</em></strong></span> <span class='ocrx_word' id='word_1_214' title='bbox 884 3754 1031 3832; x_wconf 88' lang='lat' dir='ltr'><strong>tanquam</strong></span> <span class='ocrx_word' id='word_1_215' title='bbox 1053 3746 1094 3810; x_wconf 89' lang='lat' dir='ltr'><strong>ab</strong></span> <span class='ocrx_word' id='word_1_216' title='bbox 1113 3737 1244 3834; x_wconf 74' lang='grc' dir='ltr'><strong><em>Ἀγχίσῃ</em></strong></span> <span class='ocrx_word' id='word_1_217' title='bbox 1267 3746 1398 3833; x_wconf 92' lang='lat' dir='ltr'><strong>oppido,</strong></span> 
     </span>
     <span class='ocr_line' id='line_1_29' title="bbox 245 3860 1399 3948; baseline 0.003 -26"><span class='ocrx_word' id='word_1_218' title='bbox 245 3869 383 3924; x_wconf 90' lang='lat' dir='ltr'><strong>ceterum</strong></span> <span class='ocrx_word' id='word_1_219' title='bbox 405 3861 453 3922; x_wconf 83' lang='lat' dir='ltr'><strong>vix</strong></span> <span class='ocrx_word' id='word_1_220' title='bbox 474 3861 613 3946; x_wconf 87' lang='lat' dir='ltr'><strong>cognito,</strong></span> <span class='ocrx_word' id='word_1_221' title='bbox 644 3883 742 3948; x_wconf 92' lang='lat' dir='ltr'><strong>quum</strong></span> <span class='ocrx_word' id='word_1_222' title='bbox 771 3861 805 3925; x_wconf 95' lang='lat' dir='ltr'><strong>in</strong></span> <span class='ocrx_word' id='word_1_223' title='bbox 827 3860 923 3925; x_wconf 90' lang='lat' dir='ltr'><strong>trihus</strong></span> <span class='ocrx_word' id='word_1_224' title='bbox 944 3861 1102 3926; x_wconf 90' lang='lat' dir='ltr'><strong>codicibus</strong></span> <span class='ocrx_word' id='word_1_225' title='bbox 1125 3862 1299 3939; x_wconf 88' lang='lat' dir='ltr'><strong>Vaticanis,</strong></span> <span class='ocrx_word' id='word_1_226' title='bbox 1325 3862 1399 3926; x_wconf 87' lang='lat' dir='ltr'><strong>Nie-</strong></span> 
     </span>
     <span class='ocr_line' id='line_1_30' title="bbox 244 3970 1399 4063; baseline 0.003 -26"><span class='ocrx_word' id='word_1_227' title='bbox 244 3970 356 4038; x_wconf 82' lang='lat' dir='ltr'><strong>bulrrio</strong></span> <span class='ocrx_word' id='word_1_228' title='bbox 378 3983 451 4037; x_wconf 83' lang='lat' dir='ltr'><strong>teste</strong></span> <span class='ocrx_word' id='word_1_229' title='bbox 473 3973 525 4061; x_wconf 86' lang='lat' dir='ltr'><strong>(ci.</strong></span> <span class='ocrx_word' id='word_1_230' title='bbox 548 3975 643 4038; x_wconf 83' lang='lat' dir='ltr'><strong>Maius</strong></span> <span class='ocrx_word' id='word_1_231' title='bbox 665 3973 704 4038; x_wconf 91' lang='lat' dir='ltr'><strong>ad</strong></span> <span class='ocrx_word' id='word_1_232' title='bbox 724 3975 788 4040; x_wconf 84' lang='lat' dir='ltr'><strong>cic.</strong></span> <span class='ocrx_word' id='word_1_233' title='bbox 811 3973 848 4039; x_wconf 90' lang='lat' dir='ltr'><strong>de</strong></span> <span class='ocrx_word' id='word_1_234' title='bbox 871 3977 1003 4062; x_wconf 90' lang='lat' dir='ltr'><strong>republ.</strong></span> <span class='ocrx_word' id='word_1_235' title='bbox 1026 3979 1067 4043; x_wconf 93' lang='grc' dir='ltr'><strong>ΙΙ.</strong></span> <span class='ocrx_word' id='word_1_236' title='bbox 1093 3976 1166 4063; x_wconf 88' lang='grc'>10),</span> <span class='ocrx_word' id='word_1_237' title='bbox 1184 3974 1224 4038; x_wconf 91' lang='lat' dir='ltr'><strong>ad</strong></span> <span class='ocrx_word' id='word_1_238' title='bbox 1241 3976 1399 4063; x_wconf 86' lang='lat' dir='ltr'><strong>quosGle-</strong></span> 
     </span>
     <span class='ocr_line' id='line_1_31' title="bbox 244 4084 1397 4177; baseline 0.003 -26"><span class='ocrx_word' id='word_1_239' title='bbox 244 4089 324 4152; x_wconf 88' lang='lat' dir='ltr'><strong>ricus</strong></span> <span class='ocrx_word' id='word_1_240' title='bbox 347 4109 377 4173; x_wconf 94' lang='lat' dir='ltr'><strong>p.</strong></span> <span class='ocrx_word' id='word_1_241' title='bbox 400 4091 442 4152; x_wconf 90' lang='grc'><strong>99</strong></span> <span class='ocrx_word' id='word_1_242' title='bbox 464 4087 547 4152; x_wconf 88' lang='lat' dir='ltr'><strong>addit</strong></span> <span class='ocrx_word' id='word_1_243' title='bbox 569 4087 644 4152; x_wconf 92' lang='lat' dir='ltr'><strong>duos</strong></span> <span class='ocrx_word' id='word_1_244' title='bbox 665 4089 834 4166; x_wconf 87' lang='lat' dir='ltr'><strong>Parisinus,</strong></span> <span class='ocrx_word' id='word_1_245' title='bbox 857 4084 1056 4175; x_wconf 73' lang='grc' dir='ltr'><strong><em>Ἀγχιστεῦσι</em></strong></span> <span class='ocrx_word' id='word_1_246' title='bbox 1075 4092 1212 4177; x_wconf 89' lang='lat' dir='ltr'><strong>legatur,</strong></span> <span class='ocrx_word' id='word_1_247' title='bbox 1234 4090 1397 4176; x_wconf 91' lang='lat' dir='ltr'><strong>quodiam</strong></span> 
     </span>
     <span class='ocr_line' id='line_1_32' title="bbox 245 4192 1393 4292; baseline -0.002 -23"><span class='ocrx_word' id='word_1_248' title='bbox 245 4192 453 4292; x_wconf 76' lang='grc' dir='ltr'><strong><em>Ἀρχιερεῦσι</em></strong></span> <span class='ocrx_word' id='word_1_249' title='bbox 484 4205 656 4290; x_wconf 84' lang='lat' dir='ltr'><strong>proximum</strong></span> <span class='ocrx_word' id='word_1_250' title='bbox 689 4216 743 4270; x_wconf 89' lang='lat' dir='ltr'><strong>est.</strong></span> <span class='ocrx_word' id='word_1_251' title='bbox 777 4207 844 4271; x_wconf 90' lang='lat' dir='ltr'><strong>Non</strong></span> <span class='ocrx_word' id='word_1_252' title='bbox 879 4206 992 4270; x_wconf 90' lang='lat' dir='ltr'><strong>mirum</strong></span> <span class='ocrx_word' id='word_1_253' title='bbox 1023 4205 1116 4284; x_wconf 87' lang='lat' dir='ltr'><strong>adeo,</strong></span> <span class='ocrx_word' id='word_1_254' title='bbox 1150 4202 1393 4268; x_wconf 89' lang='lat' dir='ltr'><strong>emendationem</strong></span> 
     </span>
     <span class='ocr_line' id='line_1_33' title="bbox 245 4316 1396 4404; baseline 0.004 -24"><span class='ocrx_word' id='word_1_255' title='bbox 245 4316 406 4382; x_wconf 87' lang='lat' dir='ltr'><strong>Niebuhrii</strong></span> <span class='ocrx_word' id='word_1_256' title='bbox 437 4319 591 4404; x_wconf 85' lang='lat' dir='ltr'><strong>egregiam</strong></span> <span class='ocrx_word' id='word_1_257' title='bbox 621 4321 724 4386; x_wconf 84' lang='lat' dir='ltr'><strong>multis</strong></span> <span class='ocrx_word' id='word_1_258' title='bbox 756 4321 850 4384; x_wconf 81' lang='lat' dir='ltr'><strong>risam</strong></span> <span class='ocrx_word' id='word_1_259' title='bbox 880 4342 961 4397; x_wconf 83' lang='lat' dir='ltr'><strong>esse3</strong></span> <span class='ocrx_word' id='word_1_260' title='bbox 996 4319 1047 4384; x_wconf 90' lang='lat' dir='ltr'><strong>sed</strong></span> <span class='ocrx_word' id='word_1_261' title='bbox 1080 4319 1139 4384; x_wconf 85' lang='lat' dir='ltr'><strong>hoc</strong></span> <span class='ocrx_word' id='word_1_262' title='bbox 1172 4324 1304 4400; x_wconf 91' lang='lat' dir='ltr'><strong>mirum,</strong></span> <span class='ocrx_word' id='word_1_263' title='bbox 1335 4343 1396 4385; x_wconf 94' lang='lat' dir='ltr'><strong>non</strong></span> 
     </span>
     <span class='ocr_line' id='line_1_34' title="bbox 243 4430 1396 4522; baseline 0.006 -29"><span class='ocrx_word' id='word_1_264' title='bbox 243 4450 340 4517; x_wconf 88' lang='lat' dir='ltr'><strong>aeque</strong></span> <span class='ocrx_word' id='word_1_265' title='bbox 370 4430 511 4494; x_wconf 89' lang='lat' dir='ltr'><strong>omnibus</strong></span> <span class='ocrx_word' id='word_1_266' title='bbox 542 4433 701 4518; x_wconf 86' lang='lat' dir='ltr'><strong>placuisse.</strong></span> <span class='ocrx_word' id='word_1_267' title='bbox 732 4433 824 4516; x_wconf 88' lang='lat' dir='ltr'><strong>Quod</strong></span> <span class='ocrx_word' id='word_1_268' title='bbox 853 4445 956 4498; x_wconf 88' lang='lat' dir='ltr'><strong>autem</strong></span> <span class='ocrx_word' id='word_1_269' title='bbox 988 4434 1125 4499; x_wconf 86' lang='lat' dir='ltr'><strong>Beckero</strong></span> <span class='ocrx_word' id='word_1_270' title='bbox 1159 4436 1191 4522; x_wconf 87' lang='lat' dir='ltr'><strong>(l.</strong></span> <span class='ocrx_word' id='word_1_271' title='bbox 1222 4438 1243 4502; x_wconf 95' lang='lat' dir='ltr'><strong>l.</strong></span> <span class='ocrx_word' id='word_1_272' title='bbox 1274 4438 1290 4500; x_wconf 98' lang='grc' dir='ltr'>Ι</span> <span class='ocrx_word' id='word_1_273' title='bbox 1321 4457 1351 4520; x_wconf 87' lang='lat' dir='ltr'><strong>p.</strong></span> <span class='ocrx_word' id='word_1_274' title='bbox 1377 4439 1396 4499; x_wconf 76' lang='lat'>5</span> 
     </span>
     <span class='ocr_line' id='line_1_35' title="bbox 242 4545 1394 4638; baseline 0.005 -29"><span class='ocrx_word' id='word_1_275' title='bbox 242 4566 313 4612; x_wconf 87' lang='lat' dir='ltr'><strong>ann.</strong></span> <span class='ocrx_word' id='word_1_276' title='bbox 341 4545 371 4634; x_wconf 88' lang='lat'><strong>1)</strong></span> <span class='ocrx_word' id='word_1_277' title='bbox 395 4569 455 4612; x_wconf 94' lang='lat' dir='ltr'><strong>non</strong></span> <span class='ocrx_word' id='word_1_278' title='bbox 480 4547 639 4632; x_wconf 84' lang='lat' dir='ltr'><strong>probatur,</strong></span> <span class='ocrx_word' id='word_1_279' title='bbox 668 4551 742 4638; x_wconf 88' lang='lat' dir='ltr'><strong>quia</strong></span> <span class='ocrx_word' id='word_1_280' title='bbox 763 4561 900 4635; x_wconf 88' lang='lat' dir='ltr'><strong>tempore</strong></span> <span class='ocrx_word' id='word_1_281' title='bbox 924 4550 1057 4635; x_wconf 81' lang='lat' dir='ltr'><strong>Dionysii</strong></span> <span class='ocrx_word' id='word_1_282' title='bbox 1078 4548 1209 4624; x_wconf 82' lang='grc' dir='ltr'><strong><em>πίνακες</em></strong></span> <span class='ocrx_word' id='word_1_283' title='bbox 1229 4551 1292 4615; x_wconf 81' lang='lat' dir='ltr'><strong>reri</strong></span> <span class='ocrx_word' id='word_1_284' title='bbox 1312 4551 1394 4615; x_wconf 90' lang='lat' dir='ltr'><strong>Pon-</strong></span> 
     </span>
    </p>
   </div>
   <div class='ocr_carea' id='block_1_6' title="bbox 0 0 1580 5275">
    <p class='ocr_par' dir='ltr' id='par_1_6' title="bbox 0 0 1580 5275">
     <span class='ocr_line' id='line_1_36' title="bbox 0 0 1580 5275; baseline 0 0"><span class='ocrx_word' id='word_1_285' title='bbox 0 0 1580 5275; x_wconf 95' lang='lat' dir='ltr'><strong> </strong></span> 
     </span>
    </p>
   </div>
  </div>
 </body>
</html>
