3150 5275
712 474 753 537 79

152 668 315 735 Pontifices
346 671 472 735 referri:
505 673 659 737 mirumne
692 672 806 737 accidit
838 671 1023 752 attendenti,
1056 696 1151 761 qnam
1181 652 1303 765 egregie

150 785 301 853 illustrent
332 784 492 850 annalium
521 774 658 852 ceterum
686 786 849 861 obscuram
865 780 1027 852 'rationem
1054 789 1125 854 libri
1154 791 1307 859 Ciceronis

152 897 190 961 de
213 898 409 985 republica,
437 898 483 963 his
506 900 589 964 libris
622 901 655 964 in
679 902 827 965 Vaticano
854 901 1043 967 latitantibus
1069 906 1143 969 risos
1164 930 1227 973 esse
1249 932 1306 975 oo·

151 1012 238 1077 noles
259 1012 413 1077 maximos
431 1014 583 1080 Gronorio
617 1014 724 1103 (praef.
746 1014 784 1079 de
808 1016 884 1101 orig.
907 1016 1045 1103 Romuli)
1083 1040 1217 1086 «meram
1239 1025 1306 1089 sine

151 1126 277 1191 cerebro
305 1128 418 1191 larvam
430 1128 474 1193 »i
502 1128 578 1192 Mihi
608 1128 691 1194 haud
722 1130 853 1216 graviter
883 1130 1054 1215 culpandus
1084 1132 1219 1215 videtur,
1251 1143 1305 1203 cui

150 1244 282 1306 maxime
306 1266 342 1307 ex
364 1244 445 1307 futili
466 1245 637 1309 testimonio
658 1246 782 1330 Vopisci
809 1255 901 1331 atque
924 1268 961 1309 ex
980 1245 1100 1311 duobus
1120 1250 1212 1315 Gellii
1232 1254 1307 1319 locis

150 1355 350 1422 iudicandum
373 1369 467 1437 esset,
491 1380 624 1445 quorum
645 1359 777 1422 alterum
799 1380 817 1421 a
837 1358 950 1425 Catone
972 1360 1188 1449 depromptum
1212 1372 1304 1453 paulo

149 1481 220 1535 ante
242 1469 352 1549 attuli,
372 1473 504 1537 alterum
515 1494 599 1537 nunc
610 1473 745 1538 afferam.
767 1474 893 1560 Legitur
911 1476 948 1541 Ν.
969 1477 1006 1542 Α.
1025 1479 1079 1546 lV.
1094 1483 1113 1543 5
1126 1478 1172 1544 his
1186 1483 1302 1549 verbis:

258 1756 352 1813 Statua
374 1758 475 1814 Romae
500 1758 529 1814 in
545 1758 650 1815 coniitia
667 1756 753 1832 posita
770 1758 877 1814 Horatii
893 1758 1018 1829 Coclitis,
1035 1762 1171 1821 fortissimi
1187 1766 1254 1835 viri,
1271 1768 1304 1823 de

165 1836 167 1843 ,
223 1855 295 1911 coelo
312 1858 385 1911 tacta
400 1858 449 1913 est.
475 1856 517 1912 Ob
533 1857 561 1913 id
587 1858 677 1930 fulgur
703 1856 814 1931 piaculis
830 1858 956 1913 luendum
977 1859 1127 1933 haruspices
1149 1882 1182 1918 ex
1197 1864 1306 1922 Etruria

221 1950 315 2019 acciti,
333 1950 437 2007 inimico
454 1954 534 2024 atque
551 1952 642 2009 hostili
657 1953 687 2007 in
704 1953 831 2027 populum
849 1953 998 2009 Romamn
1015 1956 1117 2025 auimo,
1133 1960 1305 2018 instituerant

221 2068 280 2105 eam
301 2068 357 2105 rem
380 2050 516 2107 contrariis
536 2051 705 2124 religionibus
722 2070 869 2125 procurare.
887 2053 977 2124 Atque
992 2052 1066 2109 illam
1084 2058 1200 2112 statuam
1216 2078 1304 2115 suase·

222 2152 285 2207 runt
307 2148 336 2203 in
357 2148 506 2205 inferiorem
527 2148 614 2205 locum
637 2168 772 2222 perperam
788 2150 941 2223 transponi,
962 2170 1040 2223 quem
1059 2153 1099 2207 sol
1113 2155 1237 2227 oppositu
1255 2158 1303 2213 eir·

226 2266 285 2303 cum
301 2246 416 2319 undique
440 2247 551 2325 aliarum
567 2248 670 2303 aedium
685 2266 818 2320 nunquam
844 2248 998 2307 illustraret.
1023 2250 1101 2320 Quod
1117 2272 1177 2309 cum
1192 2255 1231 2311 ita
1247 2257 1305 2315 lieri

226 2345 428 2419 persuasissent,
453 2344 534 2401 delati
550 2345 584 2401 ad
599 2344 725 2419 populum
742 2345 890 2417 proditique
910 2351 985 2405 sunt:
1004 2354 1031 2405 et
1049 2370 1109 2406 oum
1135 2352 1167 2408 de
1196 2356 1303 2428 perfidia

221 2444 333 2500 confessi
359 2448 459 2512 essent,
485 2444 572 2499 necati
597 2447 667 2500 sunt.
694 2442 873 2516 Constititqne
898 2464 956 2503 eam
981 2453 1113 2518 statuam,
1140 2452 1249 2524 proinde
1272 2460 1304 2510 ut

221 2564 299 2601 verae
315 2545 429 2601 rationes
445 2548 506 2618 post
526 2548 673 2618 compertae
689 2542 846 2613 monebant,
860 2545 983 2601 inlocum
990 2548 1090 2604 editum
1099 2549 1301 2621 subducendam,

222 2648 301 2716 atque
330 2644 369 2699 ita
385 2644 414 2699 in
436 2657 496 2700 area
513 2643 626 2700 Volcani
642 2644 785 2700 sublimiori
801 2644 860 2700 loco
877 2645 1043 2701 statuendam
1050 2672 1062 2713 ;
1079 2665 1162 2719 eaque
1179 2667 1220 2705 res
1237 2651 1303 2708 bone

222 2747 251 2800 et
273 2762 396 2817 prospere
421 2745 459 2800 rei
484 2743 604 2818 publicae
630 2743 715 2799 cessit.
740 2743 815 2798 Tunc
830 2742 928 2814 igitur,
946 2743 1017 2814 quod
1033 2743 1062 2799 in
1078 2745 1204 2801 Etruscos
1223 2747 1302 2804 haru-

222 2841 304 2915 spices
321 2842 389 2898 male
406 2843 570 2898 consulentes
587 2842 796 2898 animadversum
811 2841 1025 2914 vindicatumque
1038 2843 1140 2913 luerat,
1154 2863 1246 2901 versus
1259 2846 1303 2903 hie

222 2942 287 2999 scite
303 2943 389 3000 laetus
410 2947 584 3014 cantatusque
601 2959 656 2996 esse
674 2960 689 2996 a
705 2939 794 3013 pneris
810 2942 868 2994 tota
888 2938 954 2994 urbe
970 2941 1070 2997 fertur:

416 3068 513 3124 Malum
533 3069 659 3122 consilium
677 3067 809 3120 consultori
821 3067 952 3136 pessimam
969 3071 1014 3122 est.

222 3193 262 3249 Ee
287 3194 396 3250 historia
418 3195 450 3250 de
474 3192 655 3267 haruspicibus
682 3211 713 3248 eo
738 3192 770 3247 de
796 3210 875 3248 versu
900 3191 954 3246 isto
980 3192 1082 3247 senario
1099 3194 1197 3268 scripta
1214 3197 1300 3254 estin

222 3295 354 3349 annalibus
372 3295 486 3348 morinis
504 3295 567 3348 libro
584 3293 709 3348 rodomo
726 3294 754 3346 et
770 3290 799 3346 in
816 3290 905 3346 Verrii
921 3290 1010 3348 Flacci
1027 3290 1095 3347 libro
1111 3291 1195 3366 primo
1212 3313 1300 3350 rernm

222 3390 345 3446 memoria
362 3390 506 3462 dignarum.

195 3667 327 3730 Fortasse
356 3665 499 3751 prolixior
529 3665 660 3729 narratio
679 3665 712 3728 in
733 3665 831 3728 causis
852 3665 927 3743 luit,
954 3675 990 3728 ut
1010 3687 1029 3728 a
1047 3667 1202 3731 nonnullis
1224 3667 1302 3735 haec

151 3781 267 3846 credita
298 3782 357 3844 sint
390 3803 428 3844 ex
461 3779 626 3845 casulibus
662 3801 751 3844 «nou
777 3780 881 3844 veris»
913 3780 1037 3857 referri3
1070 3779 1123 3843 sed
1153 3792 1187 3844 ut
1219 3783 1301 3849 lama

151 3898 259 3961 crescit
280 3895 400 3976 eundo,
424 3897 468 3960 sie
487 3897 601 3961 iterum
620 3896 795 3982 iterumque
806 3893 955 3959 narrando
975 3894 1107 3962 historia.
1119 3898 1184 3962 Nec
1204 3899 1302 3964 reddit

152 4011 271 4074 Gellius
297 4013 362 4096 ipsa
391 4011 482 4074 rerba
511 4009 688 4087 ouantium,
711 4009 763 4074 scd
781 4032 847 4074 rem
868 4010 901 4072 iu
923 4009 1087 4073 enantibus
1108 4022 1243 4077 notatam
1263 4037 1299 4078 es

151 4125 259 4194 Verrio
282 4125 398 4189 tradere
419 4125 556 4202 ridetur,
580 4125 640 4188 sire
660 4123 754 4188 huius
774 4124 882 4199 verbis,
905 4124 966 4188 sire
987 4125 1058 4189 suis.
1083 4124 1173 4206 Quod
1196 4137 1300 4192 autem

151 4241 245 4304 etiam
273 4250 395 4325 propter
425 4241 577 4304 senarium
606 4263 726 4304 versum
754 4239 933 4302 comtierem
955 4237 1014 4301 hoc
1033 4239 1240 4324 fragmentum
1261 4241 1301 4304 ad

155 4353 391 4418 «adulterinos»
424 4351 571 4442 quosdam
604 4353 791 4440 Pontificum
821 4354 949 4418 annales
979 4355 1109 4419 relatum
1141 4367 1202 4434 est,
1234 4359 1302 4422 eius

153 4469 260 4533 erroris
271 4469 420 4555 originem
432 4492 463 4555 p.
474 4473 514 4536 48
523 4493 567 4556 sq.
580 4469 723 4535 indicari.
741 4468 883 4535 Ceterum
899 4492 935 4533 ea
945 4468 1079 4541 historia,
1091 4469 1183 4556 digua
1192 4471 1301 4559 utique

154 4603 247 4668 quam
268 4584 362 4648 literis
384 4585 563 4649 mandarent
589 4585 767 4663 Pontifices,
791 4606 889 4670 quum
910 4583 950 4647 ab
969 4584 1028 4646 alio
1049 4583 1194 4668 scriptore
1214 4587 1301 4651 nullo
