3150 5275
744 430 784 491 bh

188 626 305 691 tilieum
336 627 535 691 Maximorum
566 626 611 715 (l)
643 649 703 691 non
733 627 864 713 amplius
905 637 1113 712 superessent,
1151 628 1176 690 is
1210 648 1334 716 quoque

187 745 243 807 siri
274 742 437 808 doctissimi
468 762 549 807 error
577 742 665 806 fluxit
693 764 731 807 ex
760 764 860 806 errore
883 741 1044 827 primario,
1068 762 1129 827 quo
1151 740 1266 828 ligneas
1288 752 1335 806 ta·

187 858 275 922 bulas
307 878 408 943 neque
439 878 457 919 a
489 856 712 920 commentariis
745 876 848 941 neque
880 854 920 918 ab
952 851 1116 918 annalibus
1148 850 1335 939 Pontificem

188 973 330 1038 distinxit.
353 968 502 1058 Equidem
523 969 598 1057 quid
619 970 786 1056 scripturae
810 961 1020 1058 Ἀρχιερεῦσι
1032 972 1122 1056 possit
1143 972 1210 1036 iure
1222 973 1336 1059 opponi

191 1108 253 1152 non
276 1087 426 1173 perspicio
452 1084 512 1173 (t).

233 1203 316 1267 Haec
337 1200 377 1265 ad
398 1199 606 1265 illustrandam
636 1199 791 1265 historiam
814 1200 975 1265 oaoolium
995 1200 1125 1267 dicenda
1146 1202 1337 1270 videbantur.

188 1317 275 1398 Quae
297 1316 381 1380 enim
402 1313 440 1379 ad
461 1315 620 1380 interitum
651 1318 990 1382 «commentariorum»
1023 1318 1192 1402 pertinent,
1214 1340 1232 1382 a
1254 1319 1336 1385 Livio

189 1441 407 1507 memoratum,
423 1406 536 1495 arctius
556 1432 720 1497 coniuncta
741 1444 813 1496 sunt
833 1431 1078 1497 cumaoaalium
1100 1434 1216 1497 ratione
1226 1445 1256 1498 et
1265 1431 1337 1513 fide,

189 1546 293 1632 itaque
330 1545 441 1609 melius
480 1546 512 1608 in
553 1545 607 1609 illo
639 1545 708 1609 loco
740 1545 962 1611 tractabuntur.
1008 1547 1109 1629 Quam
1142 1546 1197 1611 diu
1228 1550 1338 1613 serrati

226 1811 264 1881 (I)
284 1808 326 1864 Sic
343 1808 499 1865 vocabulum
516 1794 681 1881 Ἀρχιερεῖς
697 1809 726 1865 in
743 1810 801 1866 loco
818 1810 938 1885 Dionysii
954 1812 1125 1888 interpretor,
1143 1816 1187 1871 cui
1204 1819 1338 1889 Pontifices

189 1915 252 1967 sunt
267 1896 482 1984 Ἱερομνήμονες
499 1915 527 1969 et
542 1894 737 1989 Ἱεροφάντοι,
756 1911 839 1968 VIII.
867 1915 899 1967 55
918 1930 957 1983 sq.
976 1913 1066 1969 Etiam
1082 1914 1210 1988 Polybius
1228 1916 1342 1973 XXIII.

189 2017 214 2070 1.
233 2017 248 2069 2
267 2016 294 2069 et
320 2013 438 2070 XXXII.
457 2016 499 2069 22.
526 2015 556 2081 5,
574 2010 621 2069 ubi
643 2032 727 2069 sermo
752 2018 794 2068 est
813 2013 846 2069 de
863 2013 902 2070 M.
922 2015 1035 2070 Aemilio
1053 2015 1167 2089 Lepido,
1186 2017 1339 2074 Pontificem

189 2113 333 2169 Maximum
350 2096 510 2183 Ἀρχιερέα
527 2112 605 2181 arcis,
630 2112 700 2185 quoa
717 2112 792 2185 fugit
808 2110 996 2181 uaesaniam,
1015 2132 1096 2185 qaum
1116 2100 1276 2186 Ἀρχιερεῖς
1293 2137 1337 2192 ap.

188 2214 281 2286 pellari
307 2214 376 2287 apud
398 2212 536 2287 Polybium
558 2210 694 2285 Pontifices
717 2216 854 2270 statueret.
878 2215 1002 2270 Ceterum
1019 2214 1048 2270 in
1064 2236 1115 2272 usu
1132 2216 1210 2273 huius
1228 2220 1339 2274 nominis

192 2312 284 2368 Graeci
301 2312 350 2368 sihi
367 2331 420 2368 non
437 2315 567 2368 constant.
592 2311 633 2366 Sic
651 2330 677 2366 v.
696 2328 718 2366 o.
744 2310 904 2366 Plutarchus
921 2311 978 2369 Vit.
997 2314 1077 2371 Num.
1095 2315 1137 2370 IX
1154 2315 1212 2373 init.
1230 2317 1338 2373 mentio-

191 2433 250 2469 nem
275 2414 340 2469 laoit
356 2403 419 2467 τῶν
444 2396 645 2483 Ἀρχιορέων,
674 2396 725 2473 οὓς
751 2399 936 2484 Ποντιφίκος
963 2402 1116 2481 moricum
1135 2417 1164 2469 at
1181 2413 1264 2470 eidem
1281 2414 1339 2473 Vit.

191 2519 266 2575 Caes.
274 2518 341 2585 VH,
358 2516 436 2572 huius
454 2516 553 2571 dictum
561 2512 695 2570 afferenti:
708 2496 752 2564 Ὦ
769 2504 886 2588 μῆτερ,
903 2497 1074 2589 τήμερονῆ
1102 2500 1264 2588 Ἀρχιερὲα
1287 2502 1341 2569 roh

193 2607 258 2674 vido
275 2606 296 2694 ἢ
316 2605 437 2693 φυγάδα
456 2602 540 2687 ὄψει,
561 2617 700 2674 manifesto
718 2600 892 2690 Ἀρχιερεύς
912 2625 952 2678 est
970 2620 1093 2692 Poatifea
1112 2620 1247 2676 Moriatur.
1266 2619 1340 2689 Quae

191 2741 231 2779 res
248 2721 343 2778 fefellit
360 2720 490 2777 Clerieum
507 2741 532 2793 p.
552 2722 595 2777 99.

224 2823 261 2893 (2)
281 2819 365 2876 Probe
382 2824 471 2888 teneo,
488 2819 541 2912 legi
559 2819 629 2893 apud
647 2821 808 2894 Stephanum
824 2821 888 2894 Bya.
912 2840 938 2878 r.
956 2805 1091 2896 Ἀγχίση·
1109 2801 1193 2888 πόλις
1210 2808 1338 2892 Ἰταλίας,

192 2919 253 2987 dno*
269 2923 325 2987 τοῦ
339 2917 527 3008 προπάτορος
543 2919 701 3006 Ἀγχίσου,
720 2918 1085 3013 ώςΔιονύσιοςένπρώτῃ
1094 2923 1341 3011 περὲῬωμαΰοῆς

190 3021 427 3109 Ἀρχαιολογίας.
465 3023 506 3090 τό
534 3020 678 3090 &duratio
704 3021 907 3108 Ἀγχισεύς.
924 3037 969 3094 Ad
986 3056 1062 3110 quem
1077 3038 1163 3094 locum
1175 3040 1335 3097 Meinekius:

192 3139 303 3198 uPotius
321 3139 406 3212 Epiri,
424 3139 517 3211 inquit.
536 3139 666 3195 Anchisae
683 3144 790 3214 portum
806 3139 877 3213 apud
893 3139 1054 3196 Buthrotum
1071 3144 1197 3196 memorat
1213 3141 1337 3197 laudatus

188 3242 320 3315 Stephano
345 3239 486 3313 Dionysius
508 3240 587 3296 Aaou.
613 3240 637 3296 Ι.
666 3243 713 3309 51,
738 3240 808 3297 raam
833 3241 1010 3312 amaseam,
1036 3223 1204 3310 Ἀγχισος,
1223 3240 1247 3295 1.
1273 3240 1339 3299 rar.

191 3340 291 3395 Verum
303 3339 449 3413 Stephanum
456 3339 489 3394 ad
497 3358 527 3395 ea
535 3341 657 3412 respexit,
672 3360 739 3413 quae
752 3341 784 3397 de
796 3341 889 3413 Capua
902 3344 930 3397 et
944 3341 1072 3411 Anchise,
1087 3343 1197 3398 aRomo
1215 3341 1340 3411 conditis,

188 3440 292 3494 Aeneae
309 3438 375 3506 filio,
394 3438 535 3511 Dionysius
552 3438 633 3494 tradit
650 3439 673 3494 Ι.
693 3438 735 3497 73.
753 3439 828 3495 Haec
845 3444 934 3495 tamen
952 3439 1014 3511 quid
1032 3443 1150 3512 pugnent
1167 3458 1227 3495 eum
1250 3439 1334 3495 conie-

187 3539 262 3591 ctura
279 3534 429 3603 Niebuhrii,
448 3535 482 3590 ad
500 3554 578 3608 quam
595 3557 628 3594 eu
646 3537 771 3612 Stephani
788 3537 939 3594 testimonio
951 3538 1042 3595 referri
1053 3539 1120 3595 nihil
1131 3541 1219 3612 potest
1231 3541 1334 3611 praeter

189 3623 225 3693 sd
245 3621 380 3690 ddvmo'v'l
399 3640 438 3694 At
454 3638 482 3694 id
499 3637 584 3710 ipsum
602 3637 672 3710 apud
689 3636 845 3710 Dionysium
861 3636 974 3692 inveniri
987 3637 1135 3710 Stephanus
1146 3655 1199 3692 non
1209 3640 1337 3709 testatur,

192 3761 272 3813 quum
298 3742 381 3798 soleat
406 3742 434 3798 in
453 3729 575 3807 ἕθνοιοῒς
600 3740 685 3796 dubiis
714 3740 757 3796 rel
782 3759 875 3812 parum
901 3739 1014 3812 cognitis
1031 3745 1150 3797 auctores
1168 3762 1229 3800 suos
1246 3745 1336 3801 citare.

190 3843 240 3899 Sed
257 3844 300 3900 fao
317 3862 376 3899 eum
392 3842 535 3911 invenisse,
553 3847 672 3899 vetustas
690 3841 854 3915 corruptelae
871 3841 910 3898 ita
928 3843 1068 3915 probatur,
1082 3844 1226 3917 scripturae
1238 3847 1336 3902 veritas

189 3959 242 3996 non
267 3941 338 3998 item.
364 3942 405 3997 De
432 3941 546 3997 Anchise
571 3945 660 3997 autem
677 3941 785 4014 oppido,
804 3941 827 3997 si
844 3940 1000 4015 Dionysium
1017 3942 1146 4015 excipias,
1164 3943 1255 4016 ignota
1274 3950 1336 4001 sunt

190 4041 289 4110 omnia,
316 4046 347 4098 ut
372 4042 424 4098 iam
449 4043 521 4097 luere
545 4041 684 4113 Staphano.
714 4042 759 4096 An
784 4040 843 4096 ideo
867 4059 926 4096 cum
942 4041 1088 4097 Niebuhrio
1106 4042 1254 4098 tabidosum
1270 4042 1338 4100 illud

189 4139 348 4196 habeamus?
370 4139 473 4213 Oppida
498 4157 588 4195 vereor
605 4157 639 4194 ne
656 4138 760 4194 facilius
787 4137 917 4194 interdum
942 4139 1103 4198 Nicbuhrius
1127 4142 1231 4199 finient
1257 4163 1336 4217 quam

189 4238 344 4312 Dionysius3
374 4238 419 4294 sed
445 4239 493 4294 hoo
519 4242 636 4306 constat,
669 4237 773 4310 opinor,
811 4238 902 4295 multis
937 4243 998 4296 ante
1033 4240 1190 4314 Dionysium
1224 4243 1335 4299 saeculis

189 4336 322 4393 Anchisen
345 4336 467 4410 oppidum
484 4336 513 4391 in
529 4334 610 4390 Italia
627 4335 696 4391 haud
713 4335 851 4392 inventum
867 4356 930 4394 esse.
949 4338 1040 4411 Ecqua
1055 4339 1138 4412 igitur
1154 4341 1247 4410 luerit,
1268 4361 1335 4414 quae

187 4435 354 4491 historiarum
377 4434 514 4510 scriptores
537 4435 569 4492 de
587 4437 664 4492 rebus
682 4437 860 4494 Romanorum
877 4437 1000 4494 certiores
1019 4438 1131 4508 iaceret,
1150 4441 1221 4511 apud
1237 4441 1332 4497 Ascli-

191 4552 269 4590 sentes
286 4536 398 4590 tabula?
