<?xml version="1.0" encoding="UTF-8"?>
<!DOCTYPE html PUBLIC "-//W3C//DTD XHTML 1.0 Transitional//EN"
    "http://www.w3.org/TR/xhtml1/DTD/xhtml1-transitional.dtd">
<html xmlns="http://www.w3.org/1999/xhtml" xml:lang="en" lang="en">
 <head>
  <title>
</title>
<meta http-equiv="Content-Type" content="text/html;charset=utf-8" />
  <meta name='ocr-system' content='tesseract 3.04.00' />
  <meta name='ocr-capabilities' content='ocr_page ocr_carea ocr_par ocr_line ocrx_word'/>
</head>
<body>
  <div class='ocr_page' id='page_1' title='image "./disputatiocriti00hullgoog_0082.png"; bbox 0 0 3150 5275; ppageno 0'>
   <div class='ocr_carea' id='block_1_1' title="bbox 778 420 820 480">
    <p class='ocr_par' dir='ltr' id='par_1_1' title="bbox 778 420 820 480">
     <span class='ocr_line' id='line_1_1' title="bbox 778 420 820 480; baseline 0.024 -1"><span class='ocrx_word' id='word_1_1' title='bbox 778 420 820 480; x_wconf 83' lang='lat'><strong>70</strong></span> 
     </span>
    </p>
   </div>
   <div class='ocr_carea' id='block_1_2' title="bbox 213 618 1373 3674">
    <p class='ocr_par' dir='ltr' id='par_1_2' title="bbox 213 618 1373 3466">
     <span class='ocr_line' id='line_1_2' title="bbox 221 618 1373 710; baseline 0.007 -28"><span class='ocrx_word' id='word_1_2' title='bbox 221 629 266 683; x_wconf 88' lang='lat' dir='ltr'><strong>ret</strong></span> <span class='ocrx_word' id='word_1_3' title='bbox 285 618 402 681; x_wconf 87' lang='lat' dir='ltr'><strong>scilieet</strong></span> <span class='ocrx_word' id='word_1_4' title='bbox 420 618 559 703; x_wconf 89' lang='lat' dir='ltr'><strong>iusteque</strong></span> <span class='ocrx_word' id='word_1_5' title='bbox 577 618 657 681; x_wconf 89' lang='lat' dir='ltr'><strong>inter</strong></span> <span class='ocrx_word' id='word_1_6' title='bbox 675 618 835 683; x_wconf 81' lang='lat' dir='ltr'><strong>Senatores</strong></span> <span class='ocrx_word' id='word_1_7' title='bbox 854 630 980 685; x_wconf 88' lang='lat' dir='ltr'><strong>eentum</strong></span> <span class='ocrx_word' id='word_1_8' title='bbox 1000 618 1163 699; x_wconf 85' lang='lat' dir='ltr'><strong>divideret,</strong></span> <span class='ocrx_word' id='word_1_9' title='bbox 1188 644 1243 708; x_wconf 89' lang='lat' dir='ltr'><strong>per</strong></span> <span class='ocrx_word' id='word_1_10' title='bbox 1262 626 1373 710; x_wconf 87' lang='lat' dir='ltr'><strong>quinos</strong></span> 
     </span>
     <span class='ocr_line' id='line_1_3' title="bbox 219 733 1370 823; baseline 0.006 -26"><span class='ocrx_word' id='word_1_11' title='bbox 219 744 250 797; x_wconf 88' lang='lat' dir='ltr'><strong>et</strong></span> <span class='ocrx_word' id='word_1_12' title='bbox 282 743 464 819; x_wconf 90' lang='lat' dir='ltr'><strong>quaternos,</strong></span> <span class='ocrx_word' id='word_1_13' title='bbox 497 754 552 817; x_wconf 88' lang='lat' dir='ltr'><strong>per</strong></span> <span class='ocrx_word' id='word_1_14' title='bbox 581 743 680 797; x_wconf 86' lang='lat' dir='ltr'><strong>ternos</strong></span> <span class='ocrx_word' id='word_1_15' title='bbox 709 734 801 797; x_wconf 89' lang='lat' dir='ltr'><strong>etiam</strong></span> <span class='ocrx_word' id='word_1_16' title='bbox 831 733 895 798; x_wconf 89' lang='lat' dir='ltr'><strong>dies</strong></span> <span class='ocrx_word' id='word_1_17' title='bbox 924 736 1121 822; x_wconf 80' lang='lat' dir='ltr'><strong>computavit.</strong></span> <span class='ocrx_word' id='word_1_18' title='bbox 1151 736 1304 823; x_wconf 83' lang='lat' dir='ltr'><strong>Equidem</strong></span> <span class='ocrx_word' id='word_1_19' title='bbox 1331 762 1370 804; x_wconf 92' lang='lat' dir='ltr'><strong>an</strong></span> 
     </span>
     <span class='ocr_line' id='line_1_4' title="bbox 222 846 1372 942; baseline 0.005 -26"><span class='ocrx_word' id='word_1_20' title='bbox 222 858 284 916; x_wconf 91' lang='lat' dir='ltr'><strong>tam</strong></span> <span class='ocrx_word' id='word_1_21' title='bbox 305 848 423 913; x_wconf 89' lang='lat' dir='ltr'><strong>minuta</strong></span> <span class='ocrx_word' id='word_1_22' title='bbox 445 848 612 932; x_wconf 81' lang='lat' dir='ltr'>interregni</span> <span class='ocrx_word' id='word_1_23' title='bbox 633 846 740 912; x_wconf 83' lang='lat' dir='ltr'><strong>divisio</strong></span> <span class='ocrx_word' id='word_1_24' title='bbox 760 850 793 913; x_wconf 90' lang='lat' dir='ltr'><strong>in</strong></span> <span class='ocrx_word' id='word_1_25' title='bbox 812 849 977 915; x_wconf 77' lang='lat' dir='ltr'><strong><em>annalibus</em></strong></span> <span class='ocrx_word' id='word_1_26' title='bbox 995 850 1182 938; x_wconf 72' lang='lat' dir='ltr'><strong>Pontificum</strong></span> <span class='ocrx_word' id='word_1_27' title='bbox 1200 856 1237 919; x_wconf 90' lang='lat' dir='ltr'><strong>sit</strong></span> <span class='ocrx_word' id='word_1_28' title='bbox 1254 868 1372 942; x_wconf 88' lang='lat' dir='ltr'><strong>reperta</strong></span> 
     </span>
     <span class='ocr_line' id='line_1_5' title="bbox 220 960 1371 1049; baseline 0.009 -24"><span class='ocrx_word' id='word_1_29' title='bbox 220 960 417 1027; x_wconf 80' lang='lat' dir='ltr'><strong>vehementer</strong></span> <span class='ocrx_word' id='word_1_30' title='bbox 437 960 562 1026; x_wconf 87' lang='lat' dir='ltr'><strong>dubito.</strong></span> <span class='ocrx_word' id='word_1_31' title='bbox 595 963 812 1049; x_wconf 89' lang='lat' dir='ltr'><strong>Interregnnm</strong></span> <span class='ocrx_word' id='word_1_32' title='bbox 835 965 927 1030; x_wconf 90' lang='lat' dir='ltr'><strong>luisse</strong></span> <span class='ocrx_word' id='word_1_33' title='bbox 958 967 1115 1032; x_wconf 74' lang='lat' dir='ltr'><strong>constabat</strong></span> <span class='ocrx_word' id='word_1_34' title='bbox 1139 969 1219 1033; x_wconf 90' lang='lat' dir='ltr'><strong>inter</strong></span> <span class='ocrx_word' id='word_1_35' title='bbox 1248 991 1371 1048; x_wconf 80' lang='lat' dir='ltr'><strong>omnes3</strong></span> 
     </span>
     <span class='ocr_line' id='line_1_6' title="bbox 220 1074 1372 1166; baseline 0.008 -27"><span class='ocrx_word' id='word_1_36' title='bbox 220 1074 258 1141; x_wconf 91' lang='lat' dir='ltr'><strong>de</strong></span> <span class='ocrx_word' id='word_1_37' title='bbox 290 1076 398 1140; x_wconf 87' lang='lat' dir='ltr'><strong>ceteris</strong></span> <span class='ocrx_word' id='word_1_38' title='bbox 426 1074 516 1139; x_wconf 89' lang='lat' dir='ltr'><strong>rebus</strong></span> <span class='ocrx_word' id='word_1_39' title='bbox 545 1097 607 1140; x_wconf 89' lang='lat' dir='ltr'><strong>non</strong></span> <span class='ocrx_word' id='word_1_40' title='bbox 630 1077 714 1143; x_wconf 86' lang='lat' dir='ltr'><strong>item.</strong></span> <span class='ocrx_word' id='word_1_41' title='bbox 749 1078 976 1166; x_wconf 76' lang='lat' dir='ltr'><strong>Argumentum</strong></span> <span class='ocrx_word' id='word_1_42' title='bbox 998 1081 1076 1146; x_wconf 90' lang='lat' dir='ltr'><strong>mihi</strong></span> <span class='ocrx_word' id='word_1_43' title='bbox 1096 1082 1165 1146; x_wconf 88' lang='lat' dir='ltr'><strong>satis</strong></span> <span class='ocrx_word' id='word_1_44' title='bbox 1186 1094 1305 1152; x_wconf 87' lang='lat' dir='ltr'><strong>certum</strong></span> <span class='ocrx_word' id='word_1_45' title='bbox 1327 1097 1372 1149; x_wconf 89' lang='lat' dir='ltr'><strong>est</strong></span> 
     </span>
     <span class='ocr_line' id='line_1_7' title="bbox 218 1190 1372 1285; baseline 0.005 -28"><span class='ocrx_word' id='word_1_46' title='bbox 218 1191 433 1259; x_wconf 89' lang='lat' dir='ltr'><strong>historicorum</strong></span> <span class='ocrx_word' id='word_1_47' title='bbox 456 1190 493 1255; x_wconf 90' lang='lat' dir='ltr'><strong>de</strong></span> <span class='ocrx_word' id='word_1_48' title='bbox 517 1191 564 1257; x_wconf 88' lang='lat' dir='ltr'><strong>his</strong></span> <span class='ocrx_word' id='word_1_49' title='bbox 585 1192 656 1278; x_wconf 87' lang='lat' dir='ltr'><strong>ipsis</strong></span> <span class='ocrx_word' id='word_1_50' title='bbox 678 1191 831 1259; x_wconf 82' lang='lat' dir='ltr'><strong>dissensio.</strong></span> <span class='ocrx_word' id='word_1_51' title='bbox 856 1196 985 1262; x_wconf 84' lang='lat' dir='ltr'><strong>Nomina</strong></span> <span class='ocrx_word' id='word_1_52' title='bbox 1005 1199 1257 1284; x_wconf 83' lang='lat' dir='ltr'><strong>magistratuum,</strong></span> <span class='ocrx_word' id='word_1_53' title='bbox 1281 1222 1372 1285; x_wconf 90' lang='lat' dir='ltr'><strong>proe-</strong></span> 
     </span>
     <span class='ocr_line' id='line_1_8' title="bbox 217 1308 1366 1396; baseline 0.005 -25"><span class='ocrx_word' id='word_1_54' title='bbox 217 1310 328 1373; x_wconf 91' lang='lat' dir='ltr'><strong>liorum</strong></span> <span class='ocrx_word' id='word_1_55' title='bbox 359 1310 506 1373; x_wconf 85' lang='lat' dir='ltr'><strong>memoria</strong></span> <span class='ocrx_word' id='word_1_56' title='bbox 535 1319 565 1376; x_wconf 89' lang='lat' dir='ltr'><strong>et</strong></span> <span class='ocrx_word' id='word_1_57' title='bbox 594 1308 683 1394; x_wconf 88' lang='lat' dir='ltr'><strong>plura</strong></span> <span class='ocrx_word' id='word_1_58' title='bbox 712 1308 926 1374; x_wconf 89' lang='lat' dir='ltr'><strong>huiuscemodi</strong></span> <span class='ocrx_word' id='word_1_59' title='bbox 953 1322 1056 1396; x_wconf 89' lang='lat' dir='ltr'><strong>petere</strong></span> <span class='ocrx_word' id='word_1_60' title='bbox 1085 1310 1209 1377; x_wconf 87' lang='lat' dir='ltr'><strong>aliunde</strong></span> <span class='ocrx_word' id='word_1_61' title='bbox 1237 1312 1366 1391; x_wconf 81' lang='lat' dir='ltr'><strong>licebat3</strong></span> 
     </span>
     <span class='ocr_line' id='line_1_9' title="bbox 217 1421 1369 1514; baseline 0.004 -26"><span class='ocrx_word' id='word_1_62' title='bbox 217 1424 281 1511; x_wconf 91' lang='lat' dir='ltr'><strong>peti</strong></span> <span class='ocrx_word' id='word_1_63' title='bbox 308 1421 386 1490; x_wconf 88' lang='lat' dir='ltr'><strong>haee</strong></span> <span class='ocrx_word' id='word_1_64' title='bbox 417 1445 463 1486; x_wconf 90' lang='lat' dir='ltr'><strong>res</strong></span> <span class='ocrx_word' id='word_1_65' title='bbox 493 1446 530 1489; x_wconf 81' lang='lat' dir='ltr'><strong>ex</strong></span> <span class='ocrx_word' id='word_1_66' title='bbox 559 1422 691 1509; x_wconf 90' lang='lat' dir='ltr'><strong>publicis</strong></span> <span class='ocrx_word' id='word_1_67' title='bbox 723 1426 949 1489; x_wconf 87' lang='lat' dir='ltr'><strong>commentariis</strong></span> <span class='ocrx_word' id='word_1_68' title='bbox 980 1426 1127 1505; x_wconf 82' lang='lat' dir='ltr'><strong>debebat3</strong></span> <span class='ocrx_word' id='word_1_69' title='bbox 1158 1425 1241 1513; x_wconf 90' lang='lat' dir='ltr'><strong>quod</strong></span> <span class='ocrx_word' id='word_1_70' title='bbox 1270 1449 1369 1514; x_wconf 92' lang='lat' dir='ltr'><strong>quum</strong></span> 
     </span>
     <span class='ocr_line' id='line_1_10' title="bbox 216 1535 1368 1625; baseline 0.002 -22"><span class='ocrx_word' id='word_1_71' title='bbox 216 1540 282 1603; x_wconf 88' lang='lat' dir='ltr'><strong>lieri</strong></span> <span class='ocrx_word' id='word_1_72' title='bbox 303 1559 365 1606; x_wconf 87' lang='lat' dir='ltr'><strong>nou</strong></span> <span class='ocrx_word' id='word_1_73' title='bbox 376 1550 490 1624; x_wconf 87' lang='lat' dir='ltr'><strong>posset,</strong></span> <span class='ocrx_word' id='word_1_74' title='bbox 513 1535 707 1608; x_wconf 84' lang='lat' dir='ltr'><strong>tetenderunt</strong></span> <span class='ocrx_word' id='word_1_75' title='bbox 725 1538 758 1600; x_wconf 93' lang='lat' dir='ltr'><strong>in</strong></span> <span class='ocrx_word' id='word_1_76' title='bbox 777 1537 931 1603; x_wconf 86' lang='lat' dir='ltr'><strong>diversum</strong></span> <span class='ocrx_word' id='word_1_77' title='bbox 949 1538 1091 1604; x_wconf 83' lang='lat' dir='ltr'><strong>historiae</strong></span> <span class='ocrx_word' id='word_1_78' title='bbox 1109 1541 1278 1625; x_wconf 85' lang='lat' dir='ltr'><strong>scriptores.</strong></span> <span class='ocrx_word' id='word_1_79' title='bbox 1297 1541 1368 1622; x_wconf 86' lang='lat' dir='ltr'><strong>Qua</strong></span> 
     </span>
     <span class='ocr_line' id='line_1_11' title="bbox 217 1652 1369 1742; baseline -0.002 -22"><span class='ocrx_word' id='word_1_80' title='bbox 217 1657 249 1720; x_wconf 91' lang='lat' dir='ltr'><strong>in</strong></span> <span class='ocrx_word' id='word_1_81' title='bbox 276 1654 424 1719; x_wconf 90' lang='lat' dir='ltr'><strong>sententia</strong></span> <span class='ocrx_word' id='word_1_82' title='bbox 445 1655 537 1719; x_wconf 88' lang='lat' dir='ltr'><strong>etiam</strong></span> <span class='ocrx_word' id='word_1_83' title='bbox 558 1652 722 1720; x_wconf 87' lang='lat' dir='ltr'><strong>confirmor</strong></span> <span class='ocrx_word' id='word_1_84' title='bbox 742 1655 935 1733; x_wconf 89' lang='lat' dir='ltr'><strong>testimonio,</strong></span> <span class='ocrx_word' id='word_1_85' title='bbox 964 1655 1045 1742; x_wconf 85' lang='lat' dir='ltr'><strong>quod</strong></span> <span class='ocrx_word' id='word_1_86' title='bbox 1071 1655 1148 1721; x_wconf 86' lang='lat' dir='ltr'><strong>dicit</strong></span> <span class='ocrx_word' id='word_1_87' title='bbox 1175 1655 1259 1741; x_wconf 91' lang='lat' dir='ltr'><strong>apud</strong></span> <span class='ocrx_word' id='word_1_88' title='bbox 1283 1656 1369 1721; x_wconf 88' lang='lat' dir='ltr'><strong>Cice-</strong></span> 
     </span>
     <span class='ocr_line' id='line_1_12' title="bbox 216 1766 1367 1853; baseline -0.002 -18"><span class='ocrx_word' id='word_1_89' title='bbox 216 1792 321 1837; x_wconf 89' lang='lat' dir='ltr'><strong>ronem</strong></span> <span class='ocrx_word' id='word_1_90' title='bbox 352 1768 390 1833; x_wconf 92' lang='lat' dir='ltr'><strong>de</strong></span> <span class='ocrx_word' id='word_1_91' title='bbox 419 1790 450 1831; x_wconf 90' lang='lat' dir='ltr'><strong>re</strong></span> <span class='ocrx_word' id='word_1_92' title='bbox 480 1767 564 1853; x_wconf 83' lang='lat' dir='ltr'><strong>publ.</strong></span> <span class='ocrx_word' id='word_1_93' title='bbox 588 1768 629 1831; x_wconf 94' lang='lat' dir='ltr'><strong>Il.</strong></span> <span class='ocrx_word' id='word_1_94' title='bbox 657 1766 694 1839; x_wconf 83' lang='lat' dir='ltr'><strong>ta</strong></span> <span class='ocrx_word' id='word_1_95' title='bbox 722 1768 836 1853; x_wconf 91' lang='lat' dir='ltr'><strong>Scipio.</strong></span> <span class='ocrx_word' id='word_1_96' title='bbox 874 1768 976 1837; x_wconf 85' lang='lat' dir='ltr'><strong>«Cum</strong></span> <span class='ocrx_word' id='word_1_97' title='bbox 998 1770 1050 1834; x_wconf 90' lang='lat' dir='ltr'><strong>ille</strong></span> <span class='ocrx_word' id='word_1_98' title='bbox 1073 1772 1199 1837; x_wconf 91' lang='lat' dir='ltr'><strong>Romuli</strong></span> <span class='ocrx_word' id='word_1_99' title='bbox 1220 1772 1367 1846; x_wconf 89' lang='lat' dir='ltr'><strong>Senatus,</strong></span> 
     </span>
     <span class='ocr_line' id='line_1_13' title="bbox 214 1882 1367 1971; baseline 0 -24"><span class='ocrx_word' id='word_1_100' title='bbox 214 1884 332 1971; x_wconf 81' lang='lat' dir='ltr'><strong>inquit,</strong></span> <span class='ocrx_word' id='word_1_101' title='bbox 365 1884 417 1970; x_wconf 91' lang='lat' dir='ltr'><strong>qui</strong></span> <span class='ocrx_word' id='word_1_102' title='bbox 443 1882 600 1947; x_wconf 85' lang='lat' dir='ltr'><strong>constabat</strong></span> <span class='ocrx_word' id='word_1_103' title='bbox 629 1903 666 1945; x_wconf 87' lang='lat' dir='ltr'><strong>ex</strong></span> <span class='ocrx_word' id='word_1_104' title='bbox 695 1882 908 1967; x_wconf 81' lang='lat' dir='ltr'><strong>optimatibus,</strong></span> <span class='ocrx_word' id='word_1_105' title='bbox 939 1884 1052 1971; x_wconf 89' lang='lat' dir='ltr'><strong>quibus</strong></span> <span class='ocrx_word' id='word_1_106' title='bbox 1074 1886 1138 1971; x_wconf 87' lang='lat' dir='ltr'><strong>ipse</strong></span> <span class='ocrx_word' id='word_1_107' title='bbox 1159 1886 1225 1951; x_wconf 82' lang='lat' dir='ltr'><strong>Rex</strong></span> <span class='ocrx_word' id='word_1_108' title='bbox 1246 1894 1367 1954; x_wconf 89' lang='lat' dir='ltr'><strong>tantum</strong></span> 
     </span>
     <span class='ocr_line' id='line_1_14' title="bbox 215 1996 1366 2085; baseline 0.001 -24"><span class='ocrx_word' id='word_1_109' title='bbox 215 1998 385 2075; x_wconf 88' lang='lat' dir='ltr'><strong>tribuisset,</strong></span> <span class='ocrx_word' id='word_1_110' title='bbox 418 2009 453 2061; x_wconf 92' lang='lat' dir='ltr'><strong>ut</strong></span> <span class='ocrx_word' id='word_1_111' title='bbox 483 2018 534 2061; x_wconf 87' lang='lat' dir='ltr'><strong>eos</strong></span> <span class='ocrx_word' id='word_1_112' title='bbox 564 1996 666 2059; x_wconf 84' lang='lat' dir='ltr'><strong>Patres</strong></span> <span class='ocrx_word' id='word_1_113' title='bbox 696 1996 787 2061; x_wconf 86' lang='lat' dir='ltr'><strong>vellet</strong></span> <span class='ocrx_word' id='word_1_114' title='bbox 820 1999 988 2075; x_wconf 83' lang='lat' dir='ltr'><strong>nominari,</strong></span> <span class='ocrx_word' id='word_1_115' title='bbox 1019 1999 1227 2085; x_wconf 87' lang='lat' dir='ltr'><strong>Patriciosque</strong></span> <span class='ocrx_word' id='word_1_116' title='bbox 1259 2019 1366 2062; x_wconf 91' lang='lat' dir='ltr'><strong>eorum</strong></span> 
     </span>
     <span class='ocr_line' id='line_1_15' title="bbox 217 2111 1365 2201; baseline 0 -24"><span class='ocrx_word' id='word_1_117' title='bbox 217 2114 343 2192; x_wconf 88' lang='lat' dir='ltr'><strong>liberos,</strong></span> <span class='ocrx_word' id='word_1_118' title='bbox 376 2124 505 2178; x_wconf 89' lang='lat' dir='ltr'><strong>tentaret</strong></span> <span class='ocrx_word' id='word_1_119' title='bbox 534 2121 600 2197; x_wconf 85' lang='lat' dir='ltr'><strong>post</strong></span> <span class='ocrx_word' id='word_1_120' title='bbox 629 2111 756 2175; x_wconf 86' lang='lat' dir='ltr'><strong>Romuli</strong></span> <span class='ocrx_word' id='word_1_121' title='bbox 787 2133 962 2190; x_wconf 83' lang='lat' dir='ltr'><strong>excessum,</strong></span> <span class='ocrx_word' id='word_1_122' title='bbox 997 2124 1032 2177; x_wconf 90' lang='lat' dir='ltr'><strong>ut</strong></span> <span class='ocrx_word' id='word_1_123' title='bbox 1061 2114 1126 2200; x_wconf 87' lang='lat' dir='ltr'><strong>ipse</strong></span> <span class='ocrx_word' id='word_1_124' title='bbox 1157 2123 1275 2201; x_wconf 85' lang='lat' dir='ltr'><strong>gereret</strong></span> <span class='ocrx_word' id='word_1_125' title='bbox 1301 2113 1365 2177; x_wconf 87' lang='lat' dir='ltr'><strong>sine</strong></span> 
     </span>
     <span class='ocr_line' id='line_1_16' title="bbox 217 2228 1367 2317; baseline -0.003 -22"><span class='ocrx_word' id='word_1_126' title='bbox 217 2232 303 2317; x_wconf 86' lang='lat' dir='ltr'><strong>Rege</strong></span> <span class='ocrx_word' id='word_1_127' title='bbox 325 2230 583 2314; x_wconf 88' lang='lat' dir='ltr'><strong>rempublicam,</strong></span> <span class='ocrx_word' id='word_1_128' title='bbox 606 2230 738 2316; x_wconf 91' lang='lat' dir='ltr'><strong>populus</strong></span> <span class='ocrx_word' id='word_1_129' title='bbox 755 2228 787 2292; x_wconf 93' lang='lat' dir='ltr'><strong>id</strong></span> <span class='ocrx_word' id='word_1_130' title='bbox 810 2251 872 2293; x_wconf 92' lang='lat' dir='ltr'><strong>non</strong></span> <span class='ocrx_word' id='word_1_131' title='bbox 893 2230 985 2307; x_wconf 87' lang='lat' dir='ltr'><strong>tulit,</strong></span> <span class='ocrx_word' id='word_1_132' title='bbox 1009 2228 1221 2315; x_wconf 89' lang='lat' dir='ltr'><strong>desiderioque</strong></span> <span class='ocrx_word' id='word_1_133' title='bbox 1240 2228 1367 2300; x_wconf 84' lang='lat' dir='ltr'><strong>Romuli</strong></span> 
     </span>
     <span class='ocr_line' id='line_1_17' title="bbox 220 2341 1369 2431; baseline -0.003 -21"><span class='ocrx_word' id='word_1_134' title='bbox 220 2358 322 2431; x_wconf 91' lang='lat' dir='ltr'><strong>postea</strong></span> <span class='ocrx_word' id='word_1_135' title='bbox 342 2348 460 2431; x_wconf 88' lang='lat' dir='ltr'><strong>Regem</strong></span> <span class='ocrx_word' id='word_1_136' title='bbox 477 2344 616 2430; x_wconf 85' lang='lat' dir='ltr'><strong>flagitare</strong></span> <span class='ocrx_word' id='word_1_137' title='bbox 639 2365 701 2407; x_wconf 91' lang='lat' dir='ltr'><strong>nnn</strong></span> <span class='ocrx_word' id='word_1_138' title='bbox 722 2341 852 2419; x_wconf 89' lang='lat' dir='ltr'><strong>destitit;</strong></span> <span class='ocrx_word' id='word_1_139' title='bbox 876 2364 949 2407; x_wconf 91' lang='lat' dir='ltr'><strong>cum</strong></span> <span class='ocrx_word' id='word_1_140' title='bbox 968 2343 1134 2429; x_wconf 89' lang='lat' dir='ltr'><strong>prudenter</strong></span> <span class='ocrx_word' id='word_1_141' title='bbox 1150 2344 1198 2407; x_wconf 90' lang='lat' dir='ltr'><strong>illi</strong></span> <span class='ocrx_word' id='word_1_142' title='bbox 1215 2344 1369 2429; x_wconf 89' lang='lat' dir='ltr'><strong>principes</strong></span> 
     </span>
     <span class='ocr_line' id='line_1_18' title="bbox 217 2457 1367 2544; baseline -0.003 -19"><span class='ocrx_word' id='word_1_143' title='bbox 217 2482 327 2525; x_wconf 89' lang='lat' dir='ltr'><strong>noram</strong></span> <span class='ocrx_word' id='word_1_144' title='bbox 351 2471 382 2523; x_wconf 83' lang='lat' dir='ltr'><strong>et</strong></span> <span class='ocrx_word' id='word_1_145' title='bbox 404 2458 571 2523; x_wconf 89' lang='lat' dir='ltr'><strong>inauditam</strong></span> <span class='ocrx_word' id='word_1_146' title='bbox 595 2460 703 2528; x_wconf 85' lang='lat' dir='ltr'><strong>ceteris</strong></span> <span class='ocrx_word' id='word_1_147' title='bbox 724 2458 866 2544; x_wconf 88' lang='lat' dir='ltr'><strong>gentibus</strong></span> <span class='ocrx_word' id='word_1_148' title='bbox 884 2458 1052 2544; x_wconf 85' lang='lat' dir='ltr'><strong>interregni</strong></span> <span class='ocrx_word' id='word_1_149' title='bbox 1069 2457 1198 2524; x_wconf 90' lang='lat' dir='ltr'><strong>ineundi</strong></span> <span class='ocrx_word' id='word_1_150' title='bbox 1219 2460 1367 2524; x_wconf 86' lang='lat' dir='ltr'><strong>rationem</strong></span> 
     </span>
     <span class='ocr_line' id='line_1_19' title="bbox 219 2571 1366 2662; baseline -0.004 -20"><span class='ocrx_word' id='word_1_151' title='bbox 219 2575 485 2662; x_wconf 81' lang='lat' dir='ltr'><strong>excogitaverunt,</strong></span> <span class='ocrx_word' id='word_1_152' title='bbox 517 2586 552 2639; x_wconf 90' lang='lat' dir='ltr'><strong>ut</strong></span> <span class='ocrx_word' id='word_1_153' title='bbox 581 2572 681 2662; x_wconf 84' lang='lat' dir='ltr'><strong>quoad</strong></span> <span class='ocrx_word' id='word_1_154' title='bbox 703 2584 804 2638; x_wconf 87' lang='lat' dir='ltr'><strong>certus</strong></span> <span class='ocrx_word' id='word_1_155' title='bbox 825 2574 890 2638; x_wconf 86' lang='lat' dir='ltr'><strong>Rex</strong></span> <span class='ocrx_word' id='word_1_156' title='bbox 912 2571 1082 2638; x_wconf 86' lang='lat' dir='ltr'><strong>declaratus</strong></span> <span class='ocrx_word' id='word_1_157' title='bbox 1100 2584 1197 2652; x_wconf 84' lang='lat' dir='ltr'><strong>esset,</strong></span> <span class='ocrx_word' id='word_1_158' title='bbox 1220 2596 1279 2641; x_wconf 89' lang='lat' dir='ltr'><strong>nec</strong></span> <span class='ocrx_word' id='word_1_159' title='bbox 1301 2574 1366 2638; x_wconf 91' lang='lat' dir='ltr'><strong>sine</strong></span> 
     </span>
     <span class='ocr_line' id='line_1_20' title="bbox 216 2691 1367 2777; baseline -0.001 -22"><span class='ocrx_word' id='word_1_160' title='bbox 216 2693 302 2777; x_wconf 89' lang='lat' dir='ltr'><strong>Rege</strong></span> <span class='ocrx_word' id='word_1_161' title='bbox 322 2691 426 2754; x_wconf 86' lang='lat' dir='ltr'><strong>civitas</strong></span> <span class='ocrx_word' id='word_1_162' title='bbox 445 2711 503 2755; x_wconf 92' lang='lat' dir='ltr'><strong>nec</strong></span> <span class='ocrx_word' id='word_1_163' title='bbox 525 2692 669 2754; x_wconf 91' lang='lat' dir='ltr'><strong>diuturno</strong></span> <span class='ocrx_word' id='word_1_164' title='bbox 690 2691 775 2774; x_wconf 91' lang='lat' dir='ltr'><strong>Rege</strong></span> <span class='ocrx_word' id='word_1_165' title='bbox 798 2699 875 2753; x_wconf 89' lang='lat' dir='ltr'><strong>esset</strong></span> <span class='ocrx_word' id='word_1_166' title='bbox 905 2710 986 2764; x_wconf 93' lang='lat' dir='ltr'><strong>uno,</strong></span> <span class='ocrx_word' id='word_1_167' title='bbox 1016 2709 1074 2752; x_wconf 90' lang='lat' dir='ltr'><strong>nec</strong></span> <span class='ocrx_word' id='word_1_168' title='bbox 1103 2691 1367 2768; x_wconf 87' lang='lat' dir='ltr'><strong>committeretur,</strong></span> 
     </span>
     <span class='ocr_line' id='line_1_21' title="bbox 216 2800 1366 2892; baseline 0.001 -24"><span class='ocrx_word' id='word_1_169' title='bbox 216 2817 251 2869; x_wconf 90' lang='lat' dir='ltr'><strong>ut</strong></span> <span class='ocrx_word' id='word_1_170' title='bbox 280 2806 443 2892; x_wconf 90' lang='lat' dir='ltr'><strong>quisquam</strong></span> <span class='ocrx_word' id='word_1_171' title='bbox 473 2807 640 2870; x_wconf 85' lang='lat' dir='ltr'><strong>inveterata</strong></span> <span class='ocrx_word' id='word_1_172' title='bbox 661 2814 808 2890; x_wconf 88' lang='lat' dir='ltr'><strong>potestate</strong></span> <span class='ocrx_word' id='word_1_173' title='bbox 830 2800 941 2866; x_wconf 91' lang='lat' dir='ltr'><strong>autad</strong></span> <span class='ocrx_word' id='word_1_174' title='bbox 961 2800 1178 2886; x_wconf 88' lang='lat' dir='ltr'><strong>deponendum</strong></span> <span class='ocrx_word' id='word_1_175' title='bbox 1200 2804 1366 2889; x_wconf 91' lang='lat' dir='ltr'><strong>imperium</strong></span> 
     </span>
     <span class='ocr_line' id='line_1_22' title="bbox 215 2917 1366 3005; baseline 0 -22"><span class='ocrx_word' id='word_1_176' title='bbox 215 2918 328 2983; x_wconf 88' lang='lat' dir='ltr'><strong>tardior</strong></span> <span class='ocrx_word' id='word_1_177' title='bbox 363 2931 460 2995; x_wconf 90' lang='lat' dir='ltr'><strong>esset,</strong></span> <span class='ocrx_word' id='word_1_178' title='bbox 491 2930 545 2983; x_wconf 91' lang='lat' dir='ltr'><strong>aut</strong></span> <span class='ocrx_word' id='word_1_179' title='bbox 577 2917 615 2982; x_wconf 94' lang='lat' dir='ltr'><strong>ad</strong></span> <span class='ocrx_word' id='word_1_180' title='bbox 644 2918 846 2994; x_wconf 91' lang='lat' dir='ltr'><strong>obtinendum</strong></span> <span class='ocrx_word' id='word_1_181' title='bbox 871 2917 1058 2981; x_wconf 89' lang='lat' dir='ltr'><strong>munitior».</strong></span> <span class='ocrx_word' id='word_1_182' title='bbox 1084 2917 1130 2981; x_wconf 89' lang='lat' dir='ltr'><strong>En</strong></span> <span class='ocrx_word' id='word_1_183' title='bbox 1152 2918 1264 2982; x_wconf 91' lang='lat' dir='ltr'><strong>iterum</strong></span> <span class='ocrx_word' id='word_1_184' title='bbox 1286 2941 1366 3005; x_wconf 89' lang='lat' dir='ltr'><strong>quae</strong></span> 
     </span>
     <span class='ocr_line' id='line_1_23' title="bbox 213 3029 1368 3119; baseline -0.003 -20"><span class='ocrx_word' id='word_1_185' title='bbox 213 3045 283 3099; x_wconf 88' lang='lat' dir='ltr'><strong>sunt</strong></span> <span class='ocrx_word' id='word_1_186' title='bbox 304 3033 385 3119; x_wconf 91' lang='lat' dir='ltr'><strong>apud</strong></span> <span class='ocrx_word' id='word_1_187' title='bbox 407 3035 577 3119; x_wconf 89' lang='lat' dir='ltr'><strong>Vopiscum</strong></span> <span class='ocrx_word' id='word_1_188' title='bbox 595 3033 687 3097; x_wconf 89' lang='lat' dir='ltr'><strong>rerba</strong></span> <span class='ocrx_word' id='word_1_189' title='bbox 707 3042 776 3118; x_wconf 84' lang='lat' dir='ltr'><strong>post</strong></span> <span class='ocrx_word' id='word_1_190' title='bbox 795 3051 953 3096; x_wconf 76' lang='lat' dir='ltr'><strong>excessum</strong></span> <span class='ocrx_word' id='word_1_191' title='bbox 975 3029 1115 3108; x_wconf 84' lang='lat' dir='ltr'><strong>Romuli,</strong></span> <span class='ocrx_word' id='word_1_192' title='bbox 1137 3053 1217 3118; x_wconf 90' lang='lat' dir='ltr'><strong>quae</strong></span> <span class='ocrx_word' id='word_1_193' title='bbox 1239 3034 1368 3118; x_wconf 87' lang='lat' dir='ltr'><strong>repetita</strong></span> 
     </span>
     <span class='ocr_line' id='line_1_24' title="bbox 214 3146 1365 3235; baseline -0.004 -19"><span class='ocrx_word' id='word_1_194' title='bbox 214 3175 231 3216; x_wconf 92' lang='lat' dir='ltr'><strong>a</strong></span> <span class='ocrx_word' id='word_1_195' title='bbox 269 3153 414 3218; x_wconf 84' lang='lat' dir='ltr'><strong>Cicerone</strong></span> <span class='ocrx_word' id='word_1_196' title='bbox 444 3153 465 3218; x_wconf 90' lang='lat' dir='ltr'><strong>l.</strong></span> <span class='ocrx_word' id='word_1_197' title='bbox 487 3153 508 3216; x_wconf 94' lang='lat' dir='ltr'><strong>l.</strong></span> <span class='ocrx_word' id='word_1_198' title='bbox 541 3153 581 3215; x_wconf 81' lang='lat'><strong>50</strong></span> <span class='ocrx_word' id='word_1_199' title='bbox 608 3150 698 3214; x_wconf 88' lang='lat' dir='ltr'><strong>etde</strong></span> <span class='ocrx_word' id='word_1_200' title='bbox 721 3151 815 3234; x_wconf 88' lang='lat' dir='ltr'><strong>Legg.</strong></span> <span class='ocrx_word' id='word_1_201' title='bbox 844 3149 869 3213; x_wconf 89' lang='lat'><strong>1.</strong></span> <span class='ocrx_word' id='word_1_202' title='bbox 900 3154 928 3213; x_wconf 94' lang='lat' dir='ltr'><strong>l.</strong></span> <span class='ocrx_word' id='word_1_203' title='bbox 960 3149 979 3210; x_wconf 77' lang='lat'>3</span> <span class='ocrx_word' id='word_1_204' title='bbox 1007 3149 1111 3212; x_wconf 90' lang='lat' dir='ltr'><strong>nescio</strong></span> <span class='ocrx_word' id='word_1_205' title='bbox 1141 3146 1216 3235; x_wconf 90' lang='lat' dir='ltr'><strong>quid</strong></span> <span class='ocrx_word' id='word_1_206' title='bbox 1241 3148 1365 3212; x_wconf 88' lang='lat' dir='ltr'><strong>solenne</strong></span> 
     </span>
     <span class='ocr_line' id='line_1_25' title="bbox 214 3259 1365 3358; baseline -0.006 -28"><span class='ocrx_word' id='word_1_207' title='bbox 214 3265 328 3358; x_wconf 89' lang='lat' dir='ltr'><strong>babere</strong></span> <span class='ocrx_word' id='word_1_208' title='bbox 357 3266 507 3333; x_wconf 88' lang='lat' dir='ltr'><strong>videntur.</strong></span> <span class='ocrx_word' id='word_1_209' title='bbox 538 3266 614 3330; x_wconf 85' lang='lat' dir='ltr'><strong>Aliis</strong></span> <span class='ocrx_word' id='word_1_210' title='bbox 642 3263 726 3332; x_wconf 90' lang='lat' dir='ltr'><strong>aliud</strong></span> <span class='ocrx_word' id='word_1_211' title='bbox 755 3262 910 3349; x_wconf 88' lang='lat' dir='ltr'><strong>placebit;</strong></span> <span class='ocrx_word' id='word_1_212' title='bbox 943 3283 1001 3347; x_wconf 88' lang='lat' dir='ltr'><strong>ego</strong></span> <span class='ocrx_word' id='word_1_213' title='bbox 1032 3259 1107 3347; x_wconf 89' lang='lat' dir='ltr'><strong>quid</strong></span> <span class='ocrx_word' id='word_1_214' title='bbox 1137 3259 1175 3325; x_wconf 91' lang='lat' dir='ltr'><strong>de</strong></span> <span class='ocrx_word' id='word_1_215' title='bbox 1204 3259 1251 3327; x_wconf 85' lang='lat' dir='ltr'><strong>bis</strong></span> <span class='ocrx_word' id='word_1_216' title='bbox 1280 3261 1365 3325; x_wconf 91' lang='lat' dir='ltr'><strong>libris</strong></span> 
     </span>
     <span class='ocr_line' id='line_1_26' title="bbox 213 3377 777 3466; baseline -0.002 -21"><span class='ocrx_word' id='word_1_217' title='bbox 213 3381 359 3446; x_wconf 88' lang='lat' dir='ltr'><strong>Tullianis</strong></span> <span class='ocrx_word' id='word_1_218' title='bbox 380 3382 570 3457; x_wconf 80' lang='lat' dir='ltr'><strong>existimem,</strong></span> <span class='ocrx_word' id='word_1_219' title='bbox 593 3402 683 3466; x_wconf 88' lang='lat' dir='ltr'><strong>supra</strong></span> <span class='ocrx_word' id='word_1_220' title='bbox 705 3377 777 3445; x_wconf 83' lang='lat' dir='ltr'><strong>dixi.</strong></span> 
     </span>
    </p>

    <p class='ocr_par' dir='ltr' id='par_1_3' title="bbox 213 3491 1364 3674">
     <span class='ocr_line' id='line_1_27' title="bbox 255 3491 1364 3580; baseline 0 -22"><span class='ocrx_word' id='word_1_221' title='bbox 255 3495 351 3558; x_wconf 88' lang='lat' dir='ltr'><strong>Paulo</strong></span> <span class='ocrx_word' id='word_1_222' title='bbox 380 3506 446 3580; x_wconf 88' lang='lat' dir='ltr'><strong>post</strong></span> <span class='ocrx_word' id='word_1_223' title='bbox 476 3495 580 3560; x_wconf 90' lang='lat' dir='ltr'><strong>locum</strong></span> <span class='ocrx_word' id='word_1_224' title='bbox 607 3493 765 3559; x_wconf 88' lang='lat' dir='ltr'><strong>laudatum</strong></span> <span class='ocrx_word' id='word_1_225' title='bbox 789 3491 866 3559; x_wconf 90' lang='lat' dir='ltr'><strong>baec</strong></span> <span class='ocrx_word' id='word_1_226' title='bbox 889 3493 972 3578; x_wconf 85' lang='lat' dir='ltr'><strong>apud</strong></span> <span class='ocrx_word' id='word_1_227' title='bbox 994 3493 1171 3567; x_wconf 75' lang='lat' dir='ltr'><strong>Ciceronem</strong></span> <span class='ocrx_word' id='word_1_228' title='bbox 1199 3494 1364 3580; x_wconf 87' lang='lat' dir='ltr'><strong>leguntur,</strong></span> 
     </span>
     <span class='ocr_line' id='line_1_28' title="bbox 213 3608 339 3674; baseline 0 -2"><span class='ocrx_word' id='word_1_229' title='bbox 213 3608 252 3674; x_wconf 91' lang='lat' dir='ltr'><strong>ll.</strong></span> <span class='ocrx_word' id='word_1_230' title='bbox 280 3613 339 3673; x_wconf 76' lang='lat' dir='ltr'><strong>lt:</strong></span> 
     </span>
    </p>
   </div>
   <div class='ocr_carea' id='block_1_3' title="bbox 279 3806 1365 4273">
    <p class='ocr_par' dir='ltr' id='par_1_4' title="bbox 279 3806 1365 4273">
     <span class='ocr_line' id='line_1_29' title="bbox 321 3806 1363 3883; baseline -0.003 -20"><span class='ocrx_word' id='word_1_231' title='bbox 321 3806 477 3877; x_wconf 77' lang='lat' dir='ltr'><strong>Quaenam</strong></span> <span class='ocrx_word' id='word_1_232' title='bbox 500 3808 586 3881; x_wconf 83' lang='lat' dir='ltr'><strong>Scipio</strong></span> <span class='ocrx_word' id='word_1_233' title='bbox 609 3808 733 3864; x_wconf 82' lang='lat' dir='ltr'><strong>dixisset:</strong></span> <span class='ocrx_word' id='word_1_234' title='bbox 756 3808 897 3876; x_wconf 66' lang='lat' dir='ltr'><strong>Nereae,</strong></span> <span class='ocrx_word' id='word_1_235' title='bbox 921 3807 1008 3883; x_wconf 86' lang='lat' dir='ltr'><strong>inquit</strong></span> <span class='ocrx_word' id='word_1_236' title='bbox 1029 3808 1173 3876; x_wconf 87' lang='lat' dir='ltr'><strong>Manilius,</strong></span> <span class='ocrx_word' id='word_1_237' title='bbox 1198 3809 1248 3864; x_wconf 88' lang='lat' dir='ltr'><strong>hoo</strong></span> <span class='ocrx_word' id='word_1_238' title='bbox 1269 3824 1363 3862; x_wconf 81' lang='lat' dir='ltr'><strong>memo-</strong></span> 
     </span>
     <span class='ocr_line' id='line_1_30' title="bbox 284 3904 1365 3980; baseline -0.001 -20"><span class='ocrx_word' id='word_1_239' title='bbox 284 3904 340 3960; x_wconf 87' lang='lat' dir='ltr'><strong>riae</strong></span> <span class='ocrx_word' id='word_1_240' title='bbox 363 3905 495 3978; x_wconf 87' lang='lat' dir='ltr'><strong>proditum</strong></span> <span class='ocrx_word' id='word_1_241' title='bbox 518 3905 569 3974; x_wconf 88' lang='lat' dir='ltr'><strong>sit,</strong></span> <span class='ocrx_word' id='word_1_242' title='bbox 592 3906 736 3974; x_wconf 82' lang='lat' dir='ltr'><strong>Africana,</strong></span> <span class='ocrx_word' id='word_1_243' title='bbox 759 3905 861 3979; x_wconf 91' lang='lat' dir='ltr'><strong>Regem</strong></span> <span class='ocrx_word' id='word_1_244' title='bbox 873 3904 955 3962; x_wconf 88' lang='lat' dir='ltr'><strong>istum</strong></span> <span class='ocrx_word' id='word_1_245' title='bbox 969 3907 1085 3963; x_wconf 87' lang='lat' dir='ltr'><strong>Numam</strong></span> <span class='ocrx_word' id='word_1_246' title='bbox 1102 3907 1267 3980; x_wconf 75' lang='lat' dir='ltr'><strong>Pythagorae</strong></span> <span class='ocrx_word' id='word_1_247' title='bbox 1283 3904 1365 3978; x_wconf 86' lang='lat' dir='ltr'><strong>ipsius</strong></span> 
     </span>
     <span class='ocr_line' id='line_1_31' title="bbox 281 4001 1365 4077; baseline 0.002 -21"><span class='ocrx_word' id='word_1_248' title='bbox 281 4001 446 4075; x_wconf 85' lang='lat' dir='ltr'><strong>discipulum,</strong></span> <span class='ocrx_word' id='word_1_249' title='bbox 467 4022 502 4058; x_wconf 87' lang='lat' dir='ltr'><strong>an</strong></span> <span class='ocrx_word' id='word_1_250' title='bbox 519 4006 589 4059; x_wconf 83' lang='lat' dir='ltr'><strong>certe</strong></span> <span class='ocrx_word' id='word_1_251' title='bbox 603 4003 798 4076; x_wconf 78' lang='lat' dir='ltr'><strong>Pythagoreum</strong></span> <span class='ocrx_word' id='word_1_252' title='bbox 814 4003 915 4060; x_wconf 82' lang='lat' dir='ltr'><strong>fuisse?</strong></span> <span class='ocrx_word' id='word_1_253' title='bbox 935 4004 1016 4077; x_wconf 82' lang='lat' dir='ltr'><strong>Saepe</strong></span> <span class='ocrx_word' id='word_1_254' title='bbox 1032 4005 1102 4061; x_wconf 88' lang='lat' dir='ltr'><strong>enim</strong></span> <span class='ocrx_word' id='word_1_255' title='bbox 1117 4005 1167 4060; x_wconf 89' lang='lat' dir='ltr'><strong>hoc</strong></span> <span class='ocrx_word' id='word_1_256' title='bbox 1182 4004 1215 4059; x_wconf 90' lang='lat' dir='ltr'><strong>de</strong></span> <span class='ocrx_word' id='word_1_257' title='bbox 1222 4002 1365 4060; x_wconf 87' lang='lat' dir='ltr'><strong>maioribus</strong></span> 
     </span>
     <span class='ocr_line' id='line_1_32' title="bbox 282 4101 1362 4176; baseline 0.004 -21"><span class='ocrx_word' id='word_1_258' title='bbox 282 4105 350 4157; x_wconf 85' lang='lat' dir='ltr'><strong>nutu</strong></span> <span class='ocrx_word' id='word_1_259' title='bbox 365 4101 530 4170; x_wconf 85' lang='lat' dir='ltr'><strong>audirimus,</strong></span> <span class='ocrx_word' id='word_1_260' title='bbox 548 4106 576 4158; x_wconf 84' lang='lat' dir='ltr'><strong>et</strong></span> <span class='ocrx_word' id='word_1_261' title='bbox 591 4103 630 4158; x_wconf 80' lang='lat' dir='ltr'><strong>ite</strong></span> <span class='ocrx_word' id='word_1_262' title='bbox 644 4101 815 4174; x_wconf 81' lang='lat' dir='ltr'><strong>intelligimus</strong></span> <span class='ocrx_word' id='word_1_263' title='bbox 833 4103 915 4175; x_wconf 86' lang='lat' dir='ltr'><strong>vulgo</strong></span> <span class='ocrx_word' id='word_1_264' title='bbox 940 4103 1099 4172; x_wconf 82' lang='lat' dir='ltr'><strong>existimari3</strong></span> <span class='ocrx_word' id='word_1_265' title='bbox 1122 4121 1207 4176; x_wconf 89' lang='lat' dir='ltr'><strong>neque</strong></span> <span class='ocrx_word' id='word_1_266' title='bbox 1223 4122 1287 4159; x_wconf 86' lang='lat' dir='ltr'><strong>vero</strong></span> <span class='ocrx_word' id='word_1_267' title='bbox 1298 4102 1362 4159; x_wconf 85' lang='lat' dir='ltr'><strong>satis</strong></span> 
     </span>
     <span class='ocr_line' id='line_1_33' title="bbox 279 4201 1134 4273; baseline 0.002 -18"><span class='ocrx_word' id='word_1_268' title='bbox 279 4201 306 4256; x_wconf 92' lang='lat' dir='ltr'><strong>id</strong></span> <span class='ocrx_word' id='word_1_269' title='bbox 322 4203 450 4256; x_wconf 61' lang='lat' dir='ltr'><strong>numum</strong></span> <span class='ocrx_word' id='word_1_270' title='bbox 460 4204 616 4273; x_wconf 74' lang='lat' dir='ltr'><strong>publicemus</strong></span> <span class='ocrx_word' id='word_1_271' title='bbox 633 4201 791 4258; x_wconf 84' lang='lat' dir='ltr'><strong>auctoritate</strong></span> <span class='ocrx_word' id='word_1_272' title='bbox 808 4203 969 4258; x_wconf 77' lang='lat' dir='ltr'><strong>declaratum</strong></span> <span class='ocrx_word' id='word_1_273' title='bbox 985 4201 1134 4258; x_wconf 80' lang='lat' dir='ltr'><strong>videmusr.</strong></span> 
     </span>
    </p>
   </div>
   <div class='ocr_carea' id='block_1_4' title="bbox 205 4414 1358 4620">
    <p class='ocr_par' dir='ltr' id='par_1_5' title="bbox 205 4414 1358 4620">
     <span class='ocr_line' id='line_1_34' title="bbox 249 4414 1358 4502; baseline 0.001 -24"><span class='ocrx_word' id='word_1_274' title='bbox 249 4414 408 4500; x_wconf 85' lang='lat' dir='ltr'><strong>Quidquid</strong></span> <span class='ocrx_word' id='word_1_275' title='bbox 440 4417 595 4502; x_wconf 77' lang='lat' dir='ltr'><strong>quaesivi,</strong></span> <span class='ocrx_word' id='word_1_276' title='bbox 624 4416 708 4482; x_wconf 90' lang='lat' dir='ltr'><strong>buno</strong></span> <span class='ocrx_word' id='word_1_277' title='bbox 735 4417 888 4483; x_wconf 85' lang='lat' dir='ltr'><strong>Ciceronis</strong></span> <span class='ocrx_word' id='word_1_278' title='bbox 914 4421 1017 4484; x_wconf 88' lang='lat' dir='ltr'><strong>locum</strong></span> <span class='ocrx_word' id='word_1_279' title='bbox 1043 4419 1073 4481; x_wconf 91' lang='lat' dir='ltr'><strong>in</strong></span> <span class='ocrx_word' id='word_1_280' title='bbox 1103 4419 1358 4482; x_wconf 88' lang='lat' dir='ltr'><strong>commentatione</strong></span> 
     </span>
     <span class='ocr_line' id='line_1_35' title="bbox 205 4527 1357 4620; baseline 0.004 -28"><span class='ocrx_word' id='word_1_281' title='bbox 205 4527 333 4605; x_wconf 82' lang='lat' dir='ltr'><strong>Clerici,</strong></span> <span class='ocrx_word' id='word_1_282' title='bbox 363 4541 426 4594; x_wconf 86' lang='lat' dir='ltr'><strong>tam</strong></span> <span class='ocrx_word' id='word_1_283' title='bbox 456 4529 586 4595; x_wconf 86' lang='lat' dir='ltr'><strong>studiose</strong></span> <span class='ocrx_word' id='word_1_284' title='bbox 608 4532 653 4596; x_wconf 89' lang='lat' dir='ltr'><strong>rel</strong></span> <span class='ocrx_word' id='word_1_285' title='bbox 675 4533 857 4598; x_wconf 88' lang='lat' dir='ltr'><strong>alienissima</strong></span> <span class='ocrx_word' id='word_1_286' title='bbox 881 4532 1088 4620; x_wconf 90' lang='lat' dir='ltr'><strong>undecunque</strong></span> <span class='ocrx_word' id='word_1_287' title='bbox 1110 4533 1274 4617; x_wconf 80' lang='lat' dir='ltr'><strong>expiscati,</strong></span> <span class='ocrx_word' id='word_1_288' title='bbox 1295 4554 1357 4597; x_wconf 86' lang='lat' dir='ltr'><strong>uon</strong></span> 
     </span>
    </p>
   </div>
   <div class='ocr_carea' id='block_1_5' title="bbox 0 0 1580 5275">
    <p class='ocr_par' dir='ltr' id='par_1_6' title="bbox 0 0 1580 5275">
     <span class='ocr_line' id='line_1_36' title="bbox 0 0 1580 5275; baseline 0 2"><span class='ocrx_word' id='word_1_289' title='bbox 0 0 1580 5275; x_wconf 95' lang='lat' dir='ltr'><strong> </strong></span> 
     </span>
    </p>
   </div>
  </div>
 </body>
</html>
