3150 5275
662 364 669 376 ι
734 348 741 363 ⁸
787 360 795 371 ¹¹
821 352 837 383 ⁸.
904 374 911 389 ⁸

709 382 818 401 ¹¹¹·cvv
875 385 896 403 ‘-

254 654 322 697 rum
344 633 485 717 auspiciis
504 634 715 719 perveniamus
740 630 779 695 ad
801 633 961 695 certiorem
984 634 1139 698 notionem
1158 632 1297 697 vocabuli
1323 651 1404 697 com-

136 764 140 773 '
252 746 409 824 meritorii,
432 748 520 811 cuius
543 748 744 833 multiplicem
769 747 860 810 lusisse
882 768 974 811 nsum
995 748 1064 810 satis
1084 758 1209 811 constat.
1239 746 1305 810 Iam
1339 748 1402 832 pri·

252 883 354 939 mum,
377 872 410 925 ut
428 884 445 925 a
466 863 563 947 parvis
578 860 748 939 ordiamur,
770 862 998 943 Quinctilianns
1020 860 1156 925 1.0.11.
1181 864 1229 924 ll.
1250 862 1268 923 7
1293 880 1404 923 acom-

252 977 412 1040 mentarios
430 998 615 1062 puerorum»
638 986 803 1052 memorat,
820 977 876 1040 <rin
887 998 962 1062 qnos
975 998 1030 1052 ea,
1043 996 1123 1061 qnae
1140 973 1207 1036 aliis
1226 971 1399 1036 declaman-

249 1090 332 1155 tibus
350 1090 473 1155 laudata
493 1102 579 1168 sunt,
603 1101 791 1177 regeruntu3
815 1101 846 1153 et
868 1089 1006 1153 similiter
1028 1090 1083 1153 llI.
1103 1092 1133 1152 6.
1157 1089 1198 1150 59
1220 1084 1258 1148 de
1284 1084 1401 1149 Rheto-

250 1207 320 1271 ricis
340 1204 507 1271 Ciceronis:
532 1206 653 1282 «Sunt,
679 1205 798 1290 inquit,
822 1204 905 1268 velut
927 1214 1063 1288 regestae
1092 1203 1123 1264 in
1154 1199 1208 1263 hos
1238 1219 1397 1261 commen-

249 1322 355 1397 tarios,
376 1318 638 1406 qnasadolescens
664 1317 847 1394 deduxerat,
878 1317 1038 1383 scholae».
1071 1316 1134 1397 Qui
1161 1313 1220 1377 loci
1250 1312 1401 1395 originem

248 1435 403 1499 declarant
440 1434 596 1511 vocabuli,
634 1433 716 1521 quod
752 1433 836 1497 affini
872 1432 1093 1517 significatione
1125 1439 1226 1514 postea
1255 1428 1399 1505 invaluit,

249 1559 368 1636 regesto
391 1550 524 1637 (Vopisc.
547 1549 610 1616 vir.
633 1546 723 1613 Proh.
742 1548 798 1633 Il).
814 1548 865 1610 Sic
886 1545 969 1609 idern
990 1547 1030 1611 X.
1049 1550 1080 1611 7.
1098 1546 1139 1607 50
1158 1565 1203 1629 sq.
1221 1561 1400 1616 causarum,

247 1686 322 1752 quas
342 1665 406 1728 Ser.
430 1662 585 1746 Sulpicius
607 1663 686 1747 egit,
706 1660 810 1725 laudat
837 1660 1113 1736 «commentarios,
1137 1659 1178 1721 ita
1207 1668 1343 1734 exactos,
1367 1668 1401 1721 nt

246 1779 286 1845 ab
312 1780 378 1865 ipso
404 1778 437 1840 in
466 1775 644 1839 memoriam
674 1776 855 1861 posteritatis
888 1774 1064 1837 viderentur
1093 1795 1157 1836 esse
1192 1773 1351 1857 compositi
1363 1795 1399 1850 o,

245 1895 396 1959 Ciceronis
418 1903 521 1956 autam
546 1890 611 1954 «ad
635 1912 776 1976 praesens
798 1890 888 1953 modo
907 1899 1029 1974 tempus
1048 1897 1202 1973 aptatos».
1222 1885 1269 1951 Cf.
1289 1886 1399 1951 Ascon.

245 2006 317 2074 Ped.
341 2009 373 2071 in
394 2006 448 2071 Or.
468 2007 500 2071 in
523 2017 583 2091 tog.
614 2004 703 2069 cand.
734 2027 765 2090 p.
796 2007 837 2088 87
866 2003 915 2068 ed.
946 2001 1040 2066 Orell.
1071 1999 1139 2084 lpse
1171 1999 1288 2062 Tullius
1308 2000 1399 2064 Brut.

247 2123 356 2189 XLIV.
389 2124 465 2187 16²1:
498 2121 662 2187 «Censoria
691 2117 831 2207 (Crassi),
860 2119 979 2204 iuquit,
1009 2110 1197 2181 contra'Cn.
1230 2116 1398 2179 Domitium

245 2236 395 2321 collegam
416 2256 476 2299 non
495 2244 540 2298 est
557 2235 669 2311 oratio,
689 2234 740 2297 sed
758 2234 844 2320 qnasi
863 2234 965 2318 capita
984 2252 1086 2295 rernm
1105 2243 1136 2294 et
1152 2232 1295 2295 orationis
1313 2252 1397 2293 com-

245 2352 428 2415 mentarium
452 2350 543 2435 paulo
562 2350 719 2434 plenius».
740 2349 785 2415 Cf.
809 2349 958 2430 Quinctil.
977 2347 998 2412 l.
1022 2349 1042 2411 l.
1065 2349 1116 2411 ὃν.
1141 2345 1202 2410 Sed
1231 2348 1263 2409 in
1291 2348 1395 2431 primis

244 2468 276 2532 id
295 2468 583 2532 commentariorum
604 2486 700 2551 genus
720 2462 939 2526 attendendum
958 2473 1017 2539 est,
1038 2460 1121 2548 qnod
1138 2461 1176 2525 ad
1195 2472 1394 2525 monumenta

246 2582 386 2647 historica
403 2582 550 2667 pertinet,
569 2590 603 2644 ut
625 2568 938 2666 ἀπομνημονεύματα
957 2573 1183 2661 Xenophontis,
1202 2596 1277 2660 quos
1303 2574 1394 2639 libros

245 2697 360 2760 Gellius
382 2699 418 2762 N.
443 2697 479 2762 A.
502 2697 584 2759 Xlll.
611 2697 629 2758 5
651 2693 756 2756 Latine
778 2691 917 2754 inscribit
938 2688 1115 2752 «dictorum
1134 2698 1226 2773 atque
1242 2689 1392 2753 factorum

242 2812 373 2876 Socratis
384 2809 641 2873 commentarios»
652 2855 660 2882 ,
673 2806 727 2870 etsi
748 2805 875 2869 vicissim
891 2805 945 2890 qui
957 2804 1069 2867 Latinis
1079 2801 1226 2865 dicuntur
1236 2821 1390 2865 coronaeu-

244 2927 332 3004 tort't‘,
353 2928 565 3010 cuiuscunque
583 2933 652 2986 suut
672 2931 816 2997 naturae,
840 2921 936 2982 solent
953 2919 1015 2981 lere
1037 2917 1162 2980 Graecis
1179 2905 1393 3004 ὑπομνήματα

243 3043 292 3106 vel
314 3030 598 3127 ὕπομνηματισμοί
618 3035 681 3099 dici
703 3033 762 3121 (l).
785 3035 959 3099 Notissimos
981 3055 1018 3096 eo
1040 3054 1151 3118 genere
1173 3031 1296 3094 allorum
1320 3031 1393 3095 Cac-

239 3419 241 3426 ,
278 3365 321 3437 (1)
345 3363 535 3418 Commmtcrrr'os
555 3359 673 3416 Caesaris
691 3359 831 3432 Appianas
856 3358 888 3415 de
913 3359 967 3416 reb.
983 3360 1063 3416 Gall.
1091 3357 1193 3414 XVIII
1218 3375 1299 3430 quum
1323 3355 1394 3412 dicat

235 3446 298 3540 ’,τοὶς
319 3449 407 3532 1ἰδίοις
432 3444 606 3534 ἀναγραφάς
637 3447 698 3512 τῶν
729 3444 892 3533 ἐφημέρων
921 3444 1030 3532 ἔργων,
1062 3456 1200 3514 manifesto
1222 3474 1276 3511 non
1297 3453 1394 3521 vertit,

241 3563 287 3618 sed
295 3563 462 3634 interpretem
470 3559 628 3632 agit,plane
646 3563 675 3614 ut
692 3560 724 3614 de
741 3562 874 3616 canalibus
891 3562 1005 3616 mammis
1021 3561 1160 3619 absolvens
1177 3560 1296 3629 Servius,
1314 3560 1389 3615 Gom·

242 3662 322 3716 ment.
335 3659 402 3714 Aen.
418 3657 442 3713 I.
460 3657 527 3724 3733
551 3656 583 3712 de
606 3675 658 3729 qno
678 3659 829 3716 testimonio
851 3659 920 3714 infra
943 3659 1096 3716 videbimus.
1120 3661 1178 3717 Nec
1199 3657 1311 3715 conferri
1332 3676 1391 3713 cum

242 3757 364 3830 Appiano
379 3754 537 3811 Plutarchus
554 3753 665 3810 debebat
683 3756 719 3826 (V
719 3755 750 3812 it.
759 3756 834 3813 Caes.
851 3755 946 3828 XXII)
957 3757 1017 3824 ,vcl
1025 3757 1048 3812 si
1056 3756 1115 3830 quis
1124 3757 1191 3813 clius
1207 3743 1394 3833 ἐφημερίδας

243 3858 362 3918 Caesaris
382 3857 487 3924 laudat,
511 3872 563 3930 quo
587 3856 648 3912 libri
671 3857 776 3928 quidam
797 3858 957 3929 fingerentur
979 3877 996 3913 a
1019 3861 1195 3914 commentariis
1218 3857 1322 3914 diversi.
1340 3857 1392 3914 Sed

240 3959 291 4014 hac
313 3958 345 4013 de
366 3974 394 4011 re
417 3955 539 4030 quoniam
561 3955 707 4029 disputavit
732 3957 760 4011 in
786 3956 894 4011 eandem
916 3957 1074 4012 sententiam
1087 3957 1284 4030 diligentissime
1301 3959 1390 4016 surin-

239 4056 341 4129 garius,
364 4054 510 4125 Commeat.
532 4054 564 4112 de
584 4054 662 4112 Rom.
680 4055 885 4128 autobiograph
910 4056 1011 4129 (Progr.
1028 4055 1108 4113 schol.
1125 4055 1211 4128 nuga.
1228 4057 1289 4113 Bet.
1307 4059 1388 4128 1846)

239 4175 264 4229 p.
283 4156 315 4210 29
333 4170 402 4227 sqq„
419 4153 538 4224 equidem
554 4153 620 4208 nihil
643 4153 718 4210 addo.
737 4154 861 4211 Ceterum
879 4154 972 4210 Graeci
988 4173 1049 4210 cum
1065 4155 1201 4224 Caesaris,
1217 4159 1276 4212 tum
1292 4156 1389 4212 similes

172 4326 173 4330 ἵ
238 4253 316 4309 Arati
329 4254 523 4322 commutarim,
538 4271 603 4326 quos
617 4253 688 4308 solus
706 4251 832 4325 Polybius
848 4251 920 4309 Hist.
936 4252 977 4309 H.
998 4255 1042 4311 40.
1060 4257 1078 4309 4
1094 4236 1387 4330 ὑπομνηματισμούς

238 4355 302 4412 dicit
307 4400 315 4425 ,
331 4338 532 4430 ὗπομνῆματα
542 4353 701 4424 inscribunt,
710 4359 741 4411 ut
750 4355 838 4412 Sullae
846 4375 926 4412 rerum
937 4360 1066 4430 gestorum
1081 4363 1109 4416 ct
1117 4359 1260 4417 Octaviani
1267 4359 1384 4431 Augusti

238 4455 269 4512 do
290 4460 344 4514 aito
365 4478 412 4514 soa
432 4457 527 4528 libros,
550 4477 660 4531 quorum
682 4459 782 4532 pariter
800 4461 841 4514 cst
858 4457 991 4531 proprium
1008 4457 1106 4517 nomen*
1119 4464 1292 4519 commutarit.
1309 4460 1387 4532 Quod

120 4575 122 4578 ·
235 4559 322 4614 auhn
340 4559 379 4616 ait
395 4558 512 4617 Clericus
528 4557 612 4630 lup.
627 4559 693 4628 128,
710 4577 727 4616 a
745 4559 932 4634 Graecisavtqo
946 4561 1074 4620 hocverti
1083 4539 1384 4635 ἅπομνημυνεῦματα,
