3150 5275
732 429 751 489 9

165 632 269 695 ieiuno
284 652 421 694 sermone
443 627 567 714 scriptos
588 639 675 712 putat
699 630 879 715 saepiusque
912 626 1051 692 affirmat.
1076 624 1134 689 Sed
1159 635 1313 710 praeterea

164 766 222 809 nec
234 746 278 809 roi
299 756 435 810 narratae
455 766 513 809 nec
537 766 605 807 vero
625 744 708 807 tiluli
729 744 804 806 ratio
825 765 894 806 eam
905 744 1081 827 opinionem
1101 739 1312 817 commendat,

163 861 300 945 quamvis
321 863 353 925 in
376 860 440 925 hoc·
454 862 519 945 ipso
541 860 699 945 Dionysius
716 859 754 923 de
768 881 855 941 more
877 857 1066 923 Graecorum
1079 858 1243 922 ¹interdum
1264 881 1314 921 ar·

164 973 275 1038 bitratu
307 987 377 1061 agat
398 998 462 1040 suo.
484 978 691 1040 Romanorum
714 972 842 1037 annales
863 972 999 1050 Graece,
1019 972 1122 1039 addito
1142 975 1188 1038 rel
1205 974 1313 1038 omisso

160 1076 376 1176 Ἰεροφανιαῖν
408 1092 549 1168 nomine,
577 1090 639 1152 dici
658 1086 786 1177 γραφαί
805 1100 981 1174 nequeunt,
1004 1111 1061 1153 nco
1082 1088 1243 1168 dicuntur,
1260 1089 1313 1154 sed

161 1201 409 1293 χρονογραφίαι,
431 1192 600 1293 ἐπιχώριοι
611 1201 739 1293 γραφαί
769 1206 817 1266 vol
844 1191 1032 1292 ἀναγραφαί
1068 1202 1135 1291 (1),
1158 1193 1314 1271 ἐνιαύσιαι

168 1296 370 1405 ἅναγραραί,
413 1309 568 1387 ἐνιαύσιαι
587 1321 823 1408 πραγματεῖαι,
858 1318 1005 1382 rarissime
1035 1308 1188 1384 ἐνιαύσια.
1218 1308 1320 1404 Ἰερο-

166 1426 297 1514 φαιτῶν
316 1420 447 1520 γραφάς
462 1433 494 1497 in
516 1445 658 1520 promptu
680 1434 805 1522 quidem
837 1436 876 1498 sit
913 1447 1028 1499 vertere
1062 1432 1248 1518 Pontificum
1280 1429 1318 1493 li-

166 1540 252 1621 bros,
280 1544 331 1609 sed
361 1548 402 1611 ab
424 1547 533 1614 horum
571 1551 705 1627 ratione,
745 1561 777 1613 n!
815 1572 884 1613 mox
915 1550 1105 1625 ridebimus,
1148 1569 1194 1611 res
1243 1568 1313 1609 nar-

165 1669 229 1722 rala
272 1661 384 1747 pariter
418 1664 570 1731 abhorret.
622 1668 745 1745 Restat,
786 1678 821 1732 ut
863 1676 988 1730 naturae
1034 1664 1196 1750 fragmenti
1240 1683 1316 1725 con·

165 1776 321 1841 venienter
340 1780 572 1844 commentarios
594 1780 779 1866 Pontificum
801 1780 1028 1868 vertamus(2)‚
1058 1800 1121 1865 quo
1148 1797 1218 1840 sane
1252 1796 1313 1839 nou

163 1892 259 1977 magis
286 1892 405 1957 Graeco
425 1894 573 1960 vocabulo
595 1897 658 1959 vim
681 1896 865 1972 inferemus,
893 1916 986 1981 quam
1008 1894 1174 1956 abulemnr
1195 1890 1312 1954 Latino.

161 2004 269 2069 Dicere
293 2006 451 2094 Dionysius
471 1997 685 2099 ὑπομνήματα
701 2009 851 2087 debebat,
873 2030 971 2096 eoque
992 2008 1105 2090 magis.
1137 2004 1220 2092 quod
1242 2026 1310 2088 pos·

164 2130 234 2182 sum
245 2120 276 2182 ni
297 2122 417 2207 collegii
428 2123 611 2188 Pontificum
625 2125 837 2188 commentarii
850 2146 923 2188 cum
943 2123 1029 2186 libris
1048 2119 1170 2195 Sullae,
1182 2118 1315 2183 Caesaris

164 2230 375 2319 aliorumque,
406 2238 460 2322 qui
492 2239 603 2323 singuli
633 2238 671 2302 de
700 2238 792 2303 rebus
819 2240 881 2302 suis
908 2237 1073 2301 memoriae
1097 2232 1312 2318 prodiderunt,

165 2347 234 2409 salis
255 2346 333 2412 bene
353 2354 531 2436 comparari.
550 2353 682 2435 Qualem
707 2354 790 2417 euim
822 2352 929 2417 horum
957 2351 1243 2415 commentariorum
1268 2368 1318 2410 ra·

166 2460 280 2524 lionam
308 2462 398 2527 luisse
428 2468 585 2544 norimus,
616 2469 640 2530 si
669 2479 784 2553 spectes
816 2490 861 2533 res
883 2470 986 2532 civiles
1006 2481 1037 2532 ct
1056 2469 1220 2541 militares,
1241 2464 1316 2528 tales

165 2574 226 2639 lere
249 2576 281 2641 in
299 2580 389 2642 sacris
412 2581 543 2666 publicis
564 2580 752 2669 Pontificum
770 2584 856 2648 fuere
877 2583 1099 2651 conamemnm'i.
1121 2581 1181 2647 Sed
1193 2582 1314 2644 fortasse

163 2691 272 2755 melius
299 2716 345 2757 res
371 2695 538 2761 illustratur
568 2700 662 2763 allero
693 2702 851 2785 exemplo,
881 2699 963 2788 qnod
991 2701 1085 2763 eliam
1106 2696 1237 2762 Caesaris
1258 2704 1311 2759 est.

163 2804 260 2869 Huius
272 2810 384 2872 mortui
397 2811 502 2875 relicta
523 2802 697 2899 γράμματα
718 2825 867 2878 memorat
889 2816 945 2878 Dio
967 2815 1084 2880 Cassius
1112 2810 1221 2878 XLIV·
1254 2811 1312 2884 55,

161 2919 501 3010 callemqueAppianus
513 2927 548 2996 Β.
561 2928 593 2992 C.
616 2930 655 2993 ll.
684 2931 743 2994 125
763 2917 1308 3016 τᾶὐιιομνὴμαιατῆςᾶρχῆςἀίοίῑ,

160 3036 564 3120 ἰιιῑαιριαιιιιιιΡΙιιιαιοΙιιιε
577 3043 638 3111 vir.
652 3043 722 3110 Ant.
737 3044 795 3110 XV
809 3036 849 3108 roi
864 3040 985 3125 βιβλία,
1000 3033 1090 3115 ἐνοῖς
1101 3029 1314 3127 ὑπομνήματα

160 3149 223 3212 τῶν
238 3149 429 3237 κεκριμένων
443 3153 498 3218 καὶ
519 3155 717 3242 δεδογμένων
739 3149 776 3248 ἧν
796 3153 1066 3246 ἀναγεγραμμένα.
1078 3156 1130 3219 Sic
1142 3155 1173 3217 in
1187 3153 1233 3215 lris
1245 3173 1310 3215 rer·

161 3277 264 3327 santur
276 3265 394 3331 Graeci.
408 3268 504 3331 Latini
517 3282 618 3333 autem
632 3273 688 3355 ipsi
700 3281 768 3336 acle
779 3272 912 3336 Caesaris
922 3271 1039 3346 dicunt,
1053 3269 1116 3345 vel,
1130 3279 1163 3330 nt
1176 3265 1311 3333 Velleius
1341 3349 1345 3356 ¹

160 3377 337 3443 Paterculns
347 3381 367 3445 l.
379 3381 417 3458 l.‚
431 3391 565 3446 actorum
576 3387 819 3451 cornamentorios.
832 3387 877 3448 Eu
891 3383 972 3470 quod
983 3383 1050 3446 volo
1070 3380 1173 3444 habes.
1195 3377 1310 3461 Quodsi

160 3493 317 3580 acollegio
330 3495 461 3582 quodam
482 3497 609 3562 sluclum
637 3502 811 3587 exemplum
832 3501 935 3577 mavis,
956 3496 1044 3561 dabo.
1066 3497 1154 3578 Quae
1174 3497 1310 3583 plerum·

161 3629 222 3695 qne
234 3619 301 3674 acta
313 3611 440 3676 Sonalus
451 3614 661 3699 appellantur,
676 3638 711 3680 ca
724 3615 854 3682 Senatus
866 3612 1098 3678 commentarios
1118 3613 1239 3678 Tacitus
1256 3635 1311 3697 ap·

161 3724 263 3808 pellat,
279 3725 427 3792 Auu.XV.
439 3731 489 3794 74.
503 3731 653 3816 Denique,
667 3731 721 3817 qni
732 3730 802 3794 libri
814 3731 933 3815 proprie
946 3729 1092 3792 dicuutur
1100 3725 1311 3792 commentarii

161 3835 608 3923 Pmrlifioumcontinualuisse
618 3845 708 3908 series
717 3843 858 3909 videnlur
867 3852 1005 3908 actorum
1016 3841 1311 3928 Pontificaliumffi).

195 4045 234 4116 (1)
253 4044 330 4115 Quod
346 4047 488 4122 Dionysius
512 4048 557 4104 Η,
579 4033 740 4121 ἐπιχώριον
760 4037 893 4122 ἱστορίαν
912 4055 1007 4117 vocat,
1025 4049 1053 4106 id
1071 4047 1190 4122 urgentis
1215 4045 1311 4104 Clerici

161 4149 197 4221 (p.
207 4149 269 4220 106)
280 4166 358 4204 carisa
366 4168 493 4218 memoro,
502 4151 549 4206 sod
559 4169 713 4206 memorasse
722 4151 803 4208 etiam
811 4150 1031 4222 saiisest,qnu1n
1041 4149 1075 4205 ad
1083 4167 1138 4205 rem
1148 4147 1214 4204 nihil
1221 4147 1312 4203 faciat.

195 4246 234 4317 (2)
253 4246 365 4302 Eosdem
381 4249 513 4304 Beckerus
530 4249 674 4318 intellexit,
691 4250 709 4307 l.
719 4250 737 4308 l.
754 4251 770 4306 I
788 4269 814 4323 p.
832 4253 868 4306 12
887 4270 948 4306 ann.
962 4251 1006 4318 18,
1016 4248 1062 4320 qui
1078 4248 1148 4305 idom
1168 4248 1222 4303 fere
1231 4247 1312 4302 dehis

161 4345 335 4403 monumentis
357 4347 496 4403 coniecisse
518 4347 638 4415 videtur,
655 4351 687 4403 ul
703 4348 826 4404 universe
844 4348 927 4404 simile
945 4347 1073 4404 indicium
1090 4347 1155 4403 iulii
1172 4345 1312 4415 Kloiaius,

159 4442 266 4500 Hendb.
290 4444 315 4501 d.
339 4443 386 4500 lat.
411 4444 478 4502 Irini.
501 4446 516 4500 I
534 4465 560 4520 p.
580 4446 631 4505 357
649 4465 702 4519 sq.,
722 4465 800 4519 quem
816 4446 913 4503 librum
930 4466 988 4504 sero
1006 4447 1167 4503 consultassc
1185 4445 1311 4518 poenitet.

195 4541 233 4613 (3)
252 4541 305 4598 His
321 4541 453 4616 probatis,
469 4543 586 4600 conferre
602 4543 706 4602 iuvabit
721 4563 781 4603 eum
802 4544 952 4604 testimonio
969 4546 1115 4615 Ciceronis,
1135 4545 1206 4618 quod
1222 4549 1263 4602 est
1279 4544 1311 4601 de
