3150 5275
836 449 874 509 16

281 658 452 725 suppressos
472 639 656 705 Pontificum
680 645 735 729 qui
756 643 795 707 ad
808 667 900 709 sacra
923 645 1115 729 pertinebant
1134 646 1226 709 libros
1255 648 1431 733 singulatim

280 764 506 820 commemoret.
526 756 571 818 lta
594 780 612 818 a
632 757 778 823 Canuleio
798 782 870 842 prae
892 762 1001 824 ceteris
1019 762 1226 825 monumentis
1244 758 1431 845 Pontificum

278 869 373 932 libros
395 868 525 935 indicari
546 871 609 933 iam
632 874 759 957 probare
781 874 925 940 conabor.

320 986 398 1047 Sunt
418 984 560 1071 querelae
589 985 680 1051 buius
709 988 770 1053 duo
798 990 908 1074 capita.
939 990 1079 1055 Primum
1109 1002 1152 1053 est
1180 989 1218 1055 de
1248 994 1314 1058 iure
1344 992 1427 1057 cirili

276 1102 393 1179 celato,
420 1100 458 1163 de
488 1102 556 1166 iure
585 1103 709 1187 publico
731 1115 761 1167 et
783 1125 868 1169 sacro
890 1091 1031 1170 alterum.
1059 1106 1140 1172 lllud
1160 1107 1358 1171 conformavit
1372 1108 1426 1170 ti-

276 1217 341 1279 rius
367 1215 405 1277 ad
435 1237 493 1291 ea,
515 1235 594 1301 quae
618 1216 697 1279 faeta
719 1229 788 1281 sunt
810 1240 839 1284 a.
862 1219 900 1283 U.
923 1220 1006 1295 450,
1026 1240 1088 1305 quo
1116 1240 1197 1283 anuo
1223 1221 1277 1285 Cn.
1308 1221 1427 1285 Flavius

280 1330 394 1393 «civile
417 1330 484 1405 ius,
515 1332 681 1414 repositum
712 1332 744 1396 in
775 1332 982 1418 penetralibus
1015 1333 1220 1410 Pontificum,
1253 1335 1425 1421 evulgavit,

274 1446 435 1531 Festosque
462 1448 544 1510 circa
575 1446 675 1509 lorum
706 1448 737 1509 in
771 1448 840 1511 albo
872 1450 1042 1533 proposuit,
1066 1461 1101 1512 ut
1125 1448 1248 1535 quando
1276 1449 1345 1535 lege
1373 1453 1424 1536 agi

276 1572 373 1646 posset
393 1562 569 1638 scireturrr3
593 1560 746 1649 quomodo
767 1563 810 1624 ait
831 1563 896 1648 ipse
916 1564 972 1628 lX.
994 1564 1047 1628 46.
1070 1567 1100 1629 5.
1122 1563 1169 1628 Ad
1188 1566 1320 1629 alterum
1347 1586 1424 1650 que-

275 1677 356 1740 relae
379 1686 472 1760 caput
491 1676 708 1761 explicandum
730 1677 867 1753 faciunt,
899 1696 979 1763 quae
1006 1678 1096 1742 tradit
1128 1679 1288 1765 Dionysius
1319 1682 1356 1745 A.
1387 1682 1426 1746 R.

274 1792 314 1855 X.
335 1796 370 1867 l,
390 1812 437 1853 res
455 1812 596 1853 enarrans
613 1792 767 1876 rogatione
787 1790 826 1854 de
838 1792 1023 1856 Decemviris
1040 1793 1132 1878 paulo
1152 1793 1282 1877 priores:
1302 1792 1430 1882 Κομιδῆ

271 1902 361 1991 ὀλίγα
382 1897 500 1971 sevoldo
522 1902 647 1993 ἱεραῖς
667 1892 708 1993 ἦν
727 1902 887 1987 βίβλοις
907 1898 1163 1992 ἀποκείμενα,
1186 1901 1209 1973 d
1229 1899 1335 1991 νόμων
1361 1905 1427 1993 εἶχε

273 2010 421 2102 δύναμιν,
444 2010 488 2085 ὧν
511 2017 543 2085 οἱ
564 2016 739 2107 Πατρίκιοι
758 2012 815 2106 τήν
845 2022 959 2104 γνῶσιν
980 2012 1066 2104 εἶχον
1085 2012 1197 2109 μόνοι,
1219 2016 1275 2092 ded
1304 2013 1367 2097 τοὶς
1393 2021 1427 2089 ἐν

273 2124 364 2199 doras
382 2125 559 2219 διατριβάς.
571 2133 661 2216 Quod
672 2146 776 2199 antem
786 2136 850 2201 iam
862 2134 934 2199 bine
946 2136 1087 2214 efficitur,
1100 2138 1276 2202 aCanuleio
1287 2137 1427 2201 omnium

275 2248 499 2313 reconditorum
538 2260 807 2313 monumentorum
850 2250 935 2313 nulla
975 2251 1071 2336 magis
1102 2273 1196 2337 quarn
1230 2272 1313 2315 sacra
1347 2250 1426 2314 desi·

274 2364 362 2449 gnari
383 2364 444 2427 sire
467 2362 655 2448 Pontificum
677 2361 788 2441 libros,
818 2361 876 2427 boc
905 2385 967 2427 non
996 2364 1103 2427 leviter
1132 2366 1290 2427 confirmat
1322 2362 1428 2429 Cicero

274 2478 312 2541 de
333 2500 365 2541 re
386 2478 470 2563 publ.
484 2480 525 2542 Il.
540 2481 598 2554 51,
616 2477 691 2540 ubi:
714 2477 830 2545 «Idem
842 2476 889 2564 (P.
901 2478 1075 2563 Valerius),
1096 2478 1213 2563 inquit,
1236 2479 1269 2540 in
1287 2498 1349 2563 quo
1367 2478 1426 2542 fuit

275 2592 429 2678 publicola
447 2596 595 2673 maxime,
615 2596 717 2680 legem
734 2593 773 2659 ad
794 2594 944 2679 populum
961 2594 1032 2659 tulit
1052 2614 1130 2668 earn,
1148 2612 1228 2679 quae
1250 2592 1426 2656 centuriatis

273 2708 404 2772 comitiis
433 2709 530 2794 prirna
559 2711 619 2774 leta
656 2723 719 2787 est,
749 2731 788 2772 ne
812 2712 880 2796 quis
910 2711 1100 2795 magistratus
1130 2710 1230 2772 civem
1250 2710 1426 2773 Romanum

273 2823 414 2888 adversus
442 2826 686 2910 provocationem
712 2836 835 2889 necaret
866 2847 941 2889 nere
973 2825 1155 2888 verberaret.
1178 2823 1426 2886 Provocationem

270 2950 375 3004 autem
395 2941 488 3002 etiam
509 2962 527 3003 a
548 2939 684 3024 Regibus
711 2940 820 3015 fuisse,
849 2937 1004 3002 declarant
1032 2935 1185 3023 pontificii
1214 2935 1305 3015 libri,
1329 2939 1425 3022 signi-

274 3053 367 3117 ficant
396 3039 488 3115 nostri
517 3053 609 3117 etiarn
630 3056 834 3139 augurales».
868 3054 925 3117 Pro
955 3054 1068 3140 quibus
1090 3052 1167 3124 haec
1187 3051 1287 3117 reddit
1307 3053 1425 3117 Seneca

275 3168 332 3252 Ep.
372 3141 487 3234 CVIII:
533 3190 550 3229 ιι
564 3167 752 3254 (Philologus
792 3167 890 3251 notat)
927 3170 1171 3253 provocationem
1201 3168 1240 3232 ed
1277 3170 1426 3255 populum

273 3283 367 3346 etiam
390 3303 406 3344 a
429 3280 564 3366 Regibus
584 3281 686 3346 fuisse.
709 3280 742 3344 ld
764 3283 807 3346 ita
827 3284 860 3349 iu
892 3283 1122 3369 pontificalibus
1144 3283 1232 3349 libris
1251 3285 1346 3369 aliqui
1367 3307 1425 3369 pu·

237 3420 246 3432 ·
273 3408 355 3474 tant,
375 3407 406 3460 et
423 3396 620 3461 Fenestella».
634 3395 693 3460 Sed
705 3397 845 3463 Canuleii
868 3397 1035 3460 oraticnem
1053 3398 1101 3460 rel
1124 3399 1222 3482 potius
1245 3410 1340 3462 semet
1360 3400 1424 3484 ipse

274 3514 376 3576 Livius
405 3513 622 3596 interpretatur
644 3513 697 3580 Vl.
723 3517 751 3576 l.
777 3515 834 3587 10,
864 3512 919 3576 ubi
950 3511 987 3575 de
1015 3511 1158 3575 Tribunis
1187 3513 1323 3577 militum
1351 3534 1424 3578 con·

273 3626 366 3690 sulari
386 3637 547 3712 potestate,
567 3637 633 3711 post
650 3627 811 3691 liberatem
829 3650 847 3692 a
865 3627 961 3690 Gallis
980 3628 1090 3692 urbem
1107 3631 1224 3693 creatis:
1241 3631 1295 3694 «ln
1312 3631 1426 3715 primis,

277 3745 394 3829 inquit,
418 3742 597 3830 loederaac
631 3744 714 3830 leges
738 3742 837 3829 (erant
858 3754 963 3805 autem
983 3765 1037 3806 eae
1056 3745 1117 3810 XII
1138 3746 1259 3810 tabulae
1279 3758 1310 3809 et
1330 3767 1426 3832 quae-

278 3855 349 3920 dam
362 3859 461 3942 regiae
472 3857 565 3945 leges)
590 3858 748 3945 conquiri,
771 3877 850 3944 quae
871 3869 1099 3941 comparerent,
1122 3859 1289 3922 iusserunt:
1313 3859 1373 3923 alia
1390 3882 1427 3924 ex

277 3971 320 4034 eis
351 3969 432 4034 edita
459 3971 552 4034 etiam
572 3970 604 4034 iu
626 3970 751 4058 vulgus,
782 3989 860 4056 quoe
880 3983 986 4039 autern
1006 3971 1048 4035 od
1069 3992 1157 4036 socro
1173 3971 1384 4057 pertinebant,
1407 3995 1427 4037 o

279 4084 482 4170 Pontificibus
503 4087 634 4150 maxime
654 4097 688 4150 ut
709 4085 856 4172 religione
879 4086 1035 4151 obstrictos
1057 4085 1205 4152 haberent
1223 4086 1429 4153 multitudinis

277 4199 394 4263 animos
426 4219 627 4283 suppresso».
655 4200 725 4281 Quo
759 4209 910 4284 postremo
941 4202 1112 4264 testimonio
1143 4199 1182 4264 ad
1218 4223 1300 4281 rem,
1334 4223 1430 4289 quam

279 4317 412 4401 agimus,
445 4314 513 4380 ideo
540 4315 715 4402 proficimus
745 4315 931 4402 plurimum,
962 4314 1178 4404 quod'paucis
1204 4317 1337 4382 versibus
1357 4327 1429 4380 ante

278 4428 369 4493 tradit
398 4431 516 4504 Livius,
547 4432 681 4518 quaein
704 4429 932 4494 commentariis
954 4428 1141 4514 Pontificum
1173 4431 1299 4518 aliisque
1332 4441 1430 4494 essent

275 4545 496 4622 monumentis,
528 4546 652 4608 incensa
681 4545 762 4608 Urbe
791 4546 939 4630 pleraque
969 4547 1127 4612 interiisse.
1160 4548 1225 4611 Iam
1246 4547 1329 4610 enirn
1351 4543 1428 4633 quid
