3150 5275
661 761 789 827 CAPUT
813 764 852 827 ll.

481 999 645 1061 Ausinius
667 1010 851 1058 naxiuoaun
873 1009 1026 1056 ursionis.

228 1204 393 1271 Annalium
414 1201 616 1266 maximorum
638 1197 720 1259 velut
738 1193 893 1257 historiam
922 1215 1020 1279 quum
1047 1193 1222 1278 scripserint
1251 1216 1333 1258 sum-

185 1323 290 1385 matim
313 1320 418 1385 Cicero
438 1315 476 1379 de
498 1313 582 1378 Orat.
603 1311 643 1375 ll.
669 1313 717 1374 12.
742 1312 781 1373 bb
806 1331 851 1395 sq.
874 1319 905 1371 et
922 1307 1045 1371 Servius
1055 1306 1224 1372 Commeat.
1247 1309 1333 1393 Virg.

184 1437 261 1501 Aen.
283 1437 309 1501 1.
331 1436 411 1511 575,
440 1427 620 1495 adumbrata
647 1424 738 1488 simul
766 1424 907 1487 universa
926 1444 1033 1486 eorum
1054 1424 1190 1501 ratione,
1217 1423 1257 1487 ab
1286 1422 1333 1486 his

183 1550 257 1614 iocis
285 1548 338 1613 iai
366 1545 441 1611 mini
472 1541 681 1627 disputationis
711 1538 910 1624 principium.
941 1522 992 1601 sic
1022 1538 1117 1623 igini
1143 1536 1334 1623 aptonium

183 1664 333 1730 Antonius
345 1684 352 1724 :

289 1862 356 1917 Erat
379 1858 489 1915 historia
510 1852 577 1911 'nihil
600 1852 673 1909 aliud
695 1850 745 1908 nisi
768 1853 897 1907 annalium
920 1850 1056 1907 mnfeotio.
1083 1849 1166 1908 (iuius
1183 1852 1222 1908 rei
1239 1871 1333 1909 memo·

253 1960 358 2031 riaeque
375 1954 495 2030 publicae
516 1952 666 2009 retinendae
684 1969 778 2019 eausa,
803 1950 836 2006 ab
854 1947 931 2007 initio
948 1966 1034 2004 rernm
1051 1948 1229 2006 Romanarum
1251 1967 1335 2023 usqne

253 2056 287 2112 ad
304 2055 334 2113 P.
352 2052 472 2111 Munium
488 2051 641 2109 Pontificem
658 2050 825 2118 Maximum,
850 2066 893 2104 res
909 2066 998 2105 onmes
1021 2048 1184 2121 singulorum
1206 2068 1334 2107 annornm

253 2153 395 2211 mandabat
416 2150 501 2207 literis
523 2149 647 2207 Pontifex
668 2148 821 2217 Maximus,
847 2145 1029 2219 referebatque
1050 2145 1079 2201 in
1096 2146 1205 2216 album,
1229 2152 1258 2203 et
1274 2166 1333 2221 pro·

253 2251 368 2326 ponebat
387 2251 506 2308 tabulam
524 2248 613 2317 domi,
633 2250 750 2322 potestas
768 2251 802 2303 ut
820 2249 890 2302 esset
905 2246 1003 2319 popolo
1019 2249 1207 2319 eognosoendi:
1233 2250 1254 2305 ii
1287 2251 1333 2323 qui

255 2350 334 2407 etiarn
354 2368 424 2407 nune
443 2352 547 2405 annana
561 2351 663 2405 monim
686 2346 863 2403 nominantur.
886 2345 966 2402 Hane
989 2345 1186 2402 similitudinem
1209 2347 1337 2404 scribendi

255 2447 333 2503 molti
356 2446 462 2519 sequuti
479 2450 561 2516 sunt,
579 2446 625 2518 qui
644 2445 699 2501 sine
720 2444 781 2500 ullis
804 2442 963 2500 ornamentis
981 2448 1149 2500 monumenta
1166 2444 1251 2502 solnm
1271 2449 1335 2501 tem·

256 2563 365 2618 porum,
383 2543 535 2611 hominum,
559 2540 676 2602 locorum
696 2547 882 2616 gestarumque
898 2559 985 2598 rerum
1003 2541 1174 2615 reliquerunt.

229 2735 367 2798 Serviani
394 2733 558 2797 testimonii
579 2753 683 2796 ansam
703 2730 813 2809 babet,
833 2727 916 2816 quod
933 2729 1017 2816 apud
1035 2731 1199 2816 Virgilium
1219 2732 1337 2795 Aeneas

186 2847 225 2912 de
248 2871 371 2913 suorum
398 2849 563 2913 «laborum
585 2845 774 2911 annalibus»
799 2856 947 2910 memorat
971 2843 1030 2932 (1).
1063 2845 1113 2908 Est
1135 2857 1238 2910 autem
1259 2847 1337 2910 illud

189 2959 399 3026 huiuscemodi
412 2984 420 3023 i

291 3159 385 3217 Livius
402 3179 435 3217 ex
452 3160 589 3217 annalibus
606 3165 634 3216 et
656 3161 765 3218 historia
788 3163 901 3217 constat.
927 3159 1002 3216 Haeo
1027 3164 1117 3218 tamen
1138 3161 1336 3218 confunduntur

256 3260 380 3328 licenter,
400 3263 433 3316 ut
451 3258 501 3315 hoe
520 3257 578 3316 loeo
602 3260 752 3333 (Virgilius)
770 3279 818 3334 pro
835 3263 940 3324 distem
955 3259 1043 3332 inquit
1061 3262 1173 3317 anaiades
1190 3260 1337 3317 Itaantein
1378 3287 1381 3290 ⁴

255 3361 359 3414 annales
375 3357 590 3414 conficiebantur:
613 3358 732 3414 tabulam
742 3357 892 3413 dealbatam
908 3357 1048 3428 quotannis
1065 3357 1189 3414 Pontifex
1203 3358 1336 3414 Maximus

256 3456 365 3524 babuit,
382 3456 411 3511 in
428 3474 480 3529 qna
497 3455 663 3529 praescriptis
681 3455 825 3513 Consulum
842 3453 990 3510 nominibus
1013 3458 1042 3510 et
1066 3455 1176 3512 aliorum
1199 3457 1336 3529 magistra·

256 3557 348 3621 tunm,
372 3553 451 3627 digna
474 3558 620 3611 memoratu
645 3558 736 3611 notare
759 3556 951 3620 consueverat,
974 3551 1045 3607 domi
1061 3552 1242 3626 militiaeque,
1266 3559 1337 3611 terra

255 3651 372 3724 marique
399 3655 492 3724 gesta,
514 3671 560 3726 per
586 3651 702 3724 singulos
728 3650 791 3708 dies.
814 3650 896 3706 Cuius
913 3648 1065 3721 diligentiae
1087 3669 1189 3707 annuos
1208 3671 1335 3708 commen·

255 3750 337 3806 tarios
361 3750 389 3806 in
416 3750 550 3822 ootoginta
573 3750 656 3807 libros
683 3753 785 3807 veteres
812 3749 975 3818 retulerimt,
1002 3768 1098 3822 eosque
1126 3770 1142 3806 a
1166 3753 1337 3810 Pontificibus

255 3847 398 3918 Maximis,
422 3867 438 3904 a
461 3848 557 3920 quibus
580 3847 696 3917 fiebant,
719 3851 824 3906 eamden
840 3852 958 3905 maios
980 3849 1153 3923 appellarunt.

223 4173 262 4244 (1)
281 4171 377 4244 Inepta
400 4173 478 4230 huius
500 4173 551 4230 loni
571 4166 753 4249 interpretatio
776 4175 848 4248 apud
864 4173 1043 4242 Maerobinm,
1061 4193 1114 4246 qna
1130 4175 1234 4232 Aeneas
1255 4175 1336 4231 etiam

186 4268 311 4326 Pontifex
334 4269 467 4326 Maximus
495 4271 616 4343 fingitur,
642 4272 754 4345 primum
776 4271 953 4339 Dodwellum,
981 4272 1122 4329 Praeleett.
1153 4273 1235 4330 Aead.
1265 4275 1335 4348 App.

187 4387 211 4440 p.
222 4369 287 4436 658,
304 4370 362 4424 tum
379 4368 486 4425 Saxinm
501 4369 529 4424 in
546 4388 658 4426 errorem
673 4369 777 4426 induxit
793 4369 858 4425 satis
872 4361 1045 4442 singularem,
1062 4369 1101 4425 ita
1119 4373 1150 4425 nt
1167 4369 1266 4428 scribat
1281 4371 1299 4427 l.
1316 4371 1335 4426 l.

186 4465 218 4521 11
234 4486 260 4538 p.
279 4469 331 4526 417
339 4490 346 4523 i
367 4467 529 4540 ivngilium
544 4469 572 4526 in
590 4468 676 4527 animo
692 4467 815 4526 habuisse
830 4485 898 4524 aeros
916 4468 1016 4524 Aeaeae
1032 4470 1210 4537 oannIes,non
1218 4472 1259 4524 est
1268 4468 1337 4541 quod

186 4562 362 4624 dubitemusi.

1196 4684 1211 4729 3
