3150 5275
630 509 787 577 ,67

192 707 299 795 quotis
321 709 380 773 alio
402 710 469 773 loco
491 709 588 796 magis
609 730 703 796 quam
724 710 756 775 in
766 708 915 775 historicis
925 713 1152 777 commentariis
1160 714 1343 781 Pontificum

190 823 385 911 quaerenda,
419 847 456 889 er
488 824 600 911 quihus
622 825 646 889 si
667 847 772 889 omnes
794 824 938 911 deinceps
960 834 1107 914 tanquam
1128 852 1164 894 er
1186 831 1269 895 tonte
1290 855 1343 918 ge·
1366 816 1370 826 ¹

192 940 288 1003 nuino
318 938 467 1005 eiusmodi
489 940 625 1005 historias
647 939 822 1019 hauserint,
852 941 928 1029 quid
959 964 1068 1009 causae
1098 958 1158 1025 est,
1182 959 1217 1012 ut
1236 947 1346 1012 iisdem

191 1054 231 1119 de
253 1053 343 1118 rebus
365 1078 426 1119 non
449 1052 557 1119 eadem
579 1076 684 1119 omnes
705 1056 817 1141 scripto
846 1055 1079 1123 mandaverint?
1103 1062 1170 1125 Una
1191 1060 1230 1125 de
1252 1064 1345 1133 Remi

190 1180 288 1234 morte
319 1170 424 1236 sabula
455 1190 510 1255 pro
541 1171 690 1234 sexcentis
722 1181 767 1233 est
797 1170 955 1256 exemplis.
976 1172 1065 1253 Quae
1087 1174 1133 1237 illi
1154 1174 1344 1241 tradiderunt

190 1283 346 1361 fabulosa,
371 1291 436 1348 tum
460 1286 583 1349 fortasse
605 1281 729 1348 aliunde
751 1296 935 1369 receperunt
960 1283 1018 1372 (1),
1041 1297 1108 1349 tum
1126 1310 1163 1351 ex
1181 1286 1342 1354 hominum

226 1494 265 1565 (l)
284 1493 337 1563 Qui
359 1511 419 1550 oum
435 1468 633 1562 λογογράφος
661 1492 820 1549 Graecorum
843 1492 892 1549 hoc
916 1493 1020 1549 nomine
1045 1493 1233 1566 quodammodo
1256 1496 1342 1552 conlc-

188 1584 284 1649 rehdus
302 1593 370 1649 Cato
385 1592 414 1647 in
431 1592 529 1665 mythis
546 1591 622 1647 velut
638 1590 787 1659 habitavit,
806 1609 858 1663 quo
875 1591 1009 1649 ferebatur
1024 1593 1112 1649 studio
1134 1594 1265 1666 originum
1279 1613 1342 1667 gen-

188 1692 257 1748 tium
290 1695 369 1763 atque
400 1690 506 1747 urbium
527 1689 752 1763 indagandam,
784 1688 897 1762 plurima
924 1691 1005 1747 etiam
1025 1692 1145 1749 adhibuit
1167 1694 1344 1767 cuiuscunque

188 1790 290 1863 generis
313 1794 340 1845 et
364 1790 416 1845 loci
438 1788 528 1845 Italici
544 1790 721 1844 monumenta.
738 1785 817 1856 Quod
833 1805 896 1843 vero
912 1788 1034 1844 universe
1050 1789 1212 1862 antiquiores
1227 1792 1342 1848 Romani

187 1888 305 1945 historici
329 1888 369 1944 ita
385 1886 419 1944 ad
443 1886 626 1947 rimitatornm
643 1904 747 1941 servum
764 1903 866 1957 pecusr
884 1883 1056 1957 ablegantur,
1075 1892 1106 1943 ut
1123 1888 1157 1944 ad
1173 1889 1259 1962 prisca
1276 1894 1341 1946 tem·

189 1976 254 2060 pora
274 1984 431 2042 illustranda
458 1985 584 2041 Graecam
606 1982 694 2057 potius
714 1982 847 2038 lucernam
864 1999 942 2054 qnam
959 1982 1092 2040 Romanas
1110 1986 1180 2042 faces
1196 1987 1345 2045 adhibuisse

190 2084 389 2153 existimentur,
411 2083 440 2138 id
462 2086 533 2139 recto
556 2082 613 2139 fleri
635 2082 700 2139 mihi
722 2081 827 2153 quidem
848 2092 1001 2153 persuasum
1023 2100 1077 2139 uon
1099 2088 1148 2140 est.
1170 2085 1293 2158 Longum
1309 2086 1346 2142 sit

188 2186 254 2240 haec
278 2184 414 2256 exquirere
438 2181 590 2254 diligentius
607 2184 635 2237 et
651 2199 740 2237 omnes
756 2180 817 2235 illos
834 2180 948 2236 Graecos
964 2198 1072 2249 curare,
1092 2182 1188 2255 quibus
1204 2183 1343 2240 laudandis

189 2282 332 2357 Dionysius
348 2283 507 2351 delectatur;
524 2281 751 2355 sedPeparethius
758 2281 865 2337 Diocles
882 2298 917 2336 an
933 2284 1025 2365 tantus
1041 2285 1134 2337 auctor
1141 2281 1224 2337 Fabio
1234 2281 1344 2353 aliisque

188 2399 278 2454 reapse
295 2381 390 2449 fuerit,
410 2384 524 2452 quantus
541 2380 612 2436 credi
628 2398 644 2436 a.
661 2380 751 2436 multis
768 2380 852 2448 solet,
868 2378 933 2436 mihi
948 2376 1088 2434 admodum
1103 2378 1212 2434 dubium
1229 2379 1342 2437 ridetur.

186 2483 214 2538 N
215 2501 250 2539 cn
266 2502 324 2539 sum
340 2482 458 2551 nescius,
476 2485 610 2537 auctorem
626 2481 704 2537 huius
721 2480 759 2537 rei
775 2480 947 2536 Plutarchum
962 2496 1026 2545 esse,
1044 2476 1090 2549 qui
1105 2476 1162 2533 Vit.
1180 2477 1257 2535 Rom.
1274 2478 1340 2547 ΠΙ,

188 2585 569 2657 laudatoD10010‚testatu1;
587 2561 674 2660 ᾦκοιί
692 2564 806 2654 Φάβιος
828 2567 953 2653 Πίκτωρ
973 2568 1006 2631 ἒν
1024 2570 1088 2644 τοῖς
1100 2564 1246 2646 πλείστοις
1266 2568 1341 2655 ἐννη-

185 2665 368 2761 κολοίθησε,
400 2694 458 2745 tum
483 2688 567 2746 dicere
593 2687 748 2761 Dionysium
777 2688 802 2743 L
829 2688 880 2746 79:
912 2660 1044 2748 Κόϊντος
1074 2669 1132 2749 μὲν
1159 2661 1293 2754 Φάβιος,
1324 2689 1346 2758 oj

187 2786 312 2875 Πίκτωρ
331 2779 506 2873 λεγόμενος,
525 2781 553 2878 ᾦ
575 2779 706 2866 Λεύκιός
731 2811 764 2854 τε
782 2786 908 2872 Κίγκιος
924 2785 974 2851 καί
991 2775 1108 2849 Κάτων
1133 2774 1268 2870 Πόρκιος
1292 2787 1342 2849 καί
1425 2877 1431 2884 .

189 2899 311 2966 Πείσων
325 2891 534 2988 Καλπούρνιος
549 2901 600 2966 καί
616 2901 678 2966 τῶν
687 2907 785 2966 αλλων
793 2895 989 2985 συγγραφέων
1004 2897 1032 2962 οἱ
1045 2896 1162 2974 πλείους
1171 2886 1339 2981 ηἰιολοιίθη·

187 3025 259 3081 ⁰⁰⁰¹,
281 2998 360 3082 mh,
394 3023 474 3091 atque
503 3038 592 3075 eorum
617 3024 757 3092 utmmque
782 3020 847 3075 haec
875 3019 1033 3075 scribentem
1063 3014 1093 3070 in
1121 3013 1199 3069 rebus
1230 3015 1338 3071 Romuli

186 3113 314 3187 Bessique
335 3117 449 3185 versari,
465 3118 511 3173 sed
532 3118 642 3174 eundem
655 3118 812 3191 Dionysium
828 3117 933 3175 memini
950 3116 1030 3172 etiam
1050 3114 1082 3171 de
1098 3114 1190 3169 iisdem
1205 3114 1337 3188 expositu-

186 3229 245 3268 rum
270 3213 397 3270 affirmare
421 3215 445 3272 Ι.
471 3215 523 3283 73,
547 3216 650 3272 nullum
665 3235 719 3272 non
736 3216 888 3290 scriptorem
904 3215 1051 3271 Romanum
1070 3213 1149 3286 paulo
1165 3212 1339 3284 antiquiorem

186 3316 253 3374 talia
278 3316 384 3390 petiisse
409 3335 440 3372 ex
458 3297 690 3387 &calcidi-rote.
717 3317 787 3387 Quid
812 3335 875 3389 ergo
899 3335 933 3371 ex
949 3316 990 3372 his
1007 3315 1080 3371 aliud
1096 3315 1207 3384 efficias,
1223 3315 1274 3372 nisi
1290 3335 1339 3374 nec

188 3415 307 3473 Dioclem
324 3435 340 3472 a
357 3415 440 3472 Fabio
457 3417 633 3490 exscriptum,
650 3435 698 3472 nec
714 3416 827 3472 Fabium
843 3435 860 3472 a
877 3415 985 3485 octena,
1003 3416 1049 3472 sed
1064 3416 1271 3489 praeteriamam
1280 3417 1338 3473 vul-

185 3534 274 3589 garem
289 3535 372 3572 unum
385 3515 505 3571 omnibus
526 3533 687 3570 communem
699 3514 780 3570 luisse
797 3515 914 3583 sontem,
935 3515 1092 3571 Pontificum
1120 3514 1340 3571 commentarios?

185 3613 274 3670 Sensit
290 3615 339 3670 hoc
355 3613 453 3670 dudum
469 3617 549 3687 atque
565 3612 605 3670 its
621 3613 747 3687 patefecit
764 3614 930 3682 Perizonius,
946 3613 1058 3671 Dissert.
1075 3615 1134 3670 VII
1151 3635 1176 3688 p.
1197 3615 1249 3674 703
1263 3633 1338 3688 sqq,

184 3716 217 3768 ut
233 3711 323 3768 mirari
340 3712 446 3781 subeat,
464 3731 520 3769 esse
538 3713 639 3781 adhuc,
657 3712 703 3785 qui
719 3712 791 3768 abire
807 3712 836 3767 in
852 3717 954 3786 partem
969 3712 1126 3769 contrariam
1143 3713 1243 3771 malint.
1261 3714 1337 3772 Cete-

184 3829 243 3868 rum
268 3811 356 3885 plures
373 3812 481 3868 laudare
498 3813 669 3886 supersedeo,
686 3816 791 3886 praeter
807 3812 990 3882 Gerlachium,
1007 3832 1061 3869 von
1077 3813 1129 3868 den
1144 3811 1231 3882 Quell.
1248 3813 1273 3886 d.
1290 3815 1338 3872 att.

185 3909 263 3967 Rom.
281 3911 374 3968 Gesch.
392 3929 417 3984 p.
437 3913 486 3979 22,
505 3914 532 3966 et
549 3909 705 3980 Hmtzium,
723 3911 755 3966 de
774 3911 866 3967 Luchs
883 3911 982 3968 Ginciis
998 3932 1024 3985 p.
1042 3912 1149 3985 15,qui
1156 3912 1232 3969 affert
1239 3913 1337 3971 utrius-

184 4028 236 4082 que
252 4008 397 4065 eeutentiae
414 4009 560 4082 scriptores.
570 4009 720 4078 Harlessio,
738 4009 771 4066 de
787 3991 878 4066 Fabiis
894 4014 922 4066 et
939 4009 1027 4066 Aufid.
1044 4030 1070 4083 p.
1088 4011 1105 4069 7
1121 4029 1196 4083 sqq,
1211 4011 1334 4084 vix‘quis·
1453 4063 1461 4078 ‚

184 4127 264 4182 quam
272 4108 429 4181 suffragetur
438 4153 446 4178 ,
455 4107 567 4164 Fabium
575 4108 723 4165 coniicienti
734 4108 782 4168 rin
793 4107 897 4164 Latinis
913 4106 1052 4162 annalibus
1061 4107 1228 4180 antiquorum
1235 4113 1336 4183 tempo·

183 4224 242 4262 rum
257 4205 396 4262 historiam
410 4207 488 4280 plane
502 4207 571 4264 sicut
585 4207 617 4264 ab
626 4208 690 4282 ipsis
699 4207 826 4263 Romanis
833 4206 904 4263 tradi
912 4206 1008 4262 soleret
1017 4207 1166 4281 exposuisse
1174 4252 1182 4277 ,
1191 4208 1220 4263 in
1228 4209 1335 4266 Graecis

184 4303 265 4360 etiam
279 4322 310 4360 ea
327 4303 511 4374 admiscuisse,
528 4324 594 4378 quae
610 4306 716 4362 Graecis
734 4305 904 4378 scriptoribus
920 4324 1047 4380 exponere
1054 4307 1226 4380 placuissetr.
1242 4309 1336 4384 Neque

184 4387 234 4459 hoc¹
257 4407 298 4459 est
327 4402 462 4474 magnifice
487 4403 519 4459 de
545 4403 627 4461 Fabio
653 4405 780 4478 scriptore
797 4405 906 4474 sentire,
929 4425 962 4462 ne
978 4405 1006 4463 id
1023 4407 1094 4481 quod
1108 4408 1211 4464 tradere
1227 4410 1339 4467 Rotnani

185 4505 247 4557 ante
271 4501 381 4558 Fabium
408 4503 511 4558 solerent
527 4521 651 4576 urgeam,
671 4506 785 4576 retpote
803 4503 848 4575 qui
865 4503 964 4578 primus
981 4505 1158 4562 Romanorum
1175 4525 1248 4564 orsus
1265 4514 1334 4566 esset

184 4599 336 4656 historicum
356 4619 421 4673 opus
438 4602 612 4673 pertexerer,
630 4605 697 4657 teste
716 4601 853 4658 Harlessio
873 4602 930 4674 ipso
948 4622 974 4675 p.
992 4607 1017 4660 6.
