3150 5275
793 452 835 515 66

237 654 268 721 id
287 651 433 741 equidem
456 663 517 715 tam
539 652 649 716 falsum
674 652 860 737 putaverim,
888 673 982 737 quam
1004 648 1168 714 abhorrere
1191 647 1386 713 vehementer

236 792 255 834 a
277 768 393 833 ratione
411 766 523 831 horum
543 778 835 845 monumentorum,
864 767 987 854 qualem
1017 765 1108 828 luisse
1136 762 1292 829 declarant
1319 775 1387 829 tum

237 881 407 946 testimonia
438 890 592 957 veterum,
614 889 681 941 tum
697 879 762 963 ipsa
783 879 964 964 fragmenta.
988 880 1081 945 Aliud
1103 882 1186 945 enim
1209 892 1254 945 est
1276 882 1387 945 referre

237 996 308 1059 talia
326 995 359 1058 in
378 994 480 1057 literas
498 1003 529 1056 et
546 992 720 1056 summatim
737 1004 860 1072 notare,
879 994 963 1058 aliud
981 981 1167 1081 perscribere
1182 1006 1214 1060 et
1235 1016 1386 1059 enarrare.

235 1108 340 1191 Quid,
381 1105 463 1196 quod
492 1106 567 1171 lines
595 1105 756 1170 annalium
796 1109 840 1171 ita
869 1119 981 1172 temere
1013 1110 1220 1195 prolatantur,
1253 1109 1308 1194 qui
1341 1129 1388 1171 res

235 1222 307 1287 inde
328 1245 345 1286 a
364 1219 485 1287 condita
509 1220 590 1287 Urbe
611 1232 723 1307 gestas,
745 1244 806 1287 non
827 1234 898 1287 ante
920 1223 1074 1287 conditam
1097 1223 1260 1287 memoriae
1285 1220 1388 1308 prodi-

235 1340 313 1404 disse
346 1336 534 1403 rideantur?
565 1336 681 1419 Quodsi
710 1339 766 1424 qui
784 1338 900 1402 sactum
928 1340 965 1403 sit
997 1349 1183 1426 quaeratur,
1216 1348 1251 1401 ut
1277 1335 1389 1399 nibilo-

235 1456 336 1519 minus
365 1464 540 1517 nasccretur
569 1474 605 1515 ea
634 1453 738 1538 opinio
768 1465 902 1541 nataque
934 1455 1152 1530 invalesceret,
1185 1473 1310 1517 causam
1342 1452 1387 1515 rei

234 1572 368 1657 primum
393 1580 424 1632 et
452 1570 484 1632 in
513 1568 617 1654 primis
645 1590 681 1631 ex
703 1568 807 1633 libello
838 1579 993 1655 repetam,
1025 1571 1080 1656 qui
1108 1579 1152 1632 est
1180 1566 1246 1631 ‹rde
1268 1567 1388 1653 origine

233 1685 331 1772 gentis
350 1685 525 1747 Romanae»
549 1682 667 1767 quique
685 1683 717 1745 in
735 1684 802 1746 aliis
818 1683 911 1746 etiam
929 1684 1037 1747 lucum
1055 1684 1128 1764 fecit
1147 1683 1286 1768 plurimis
1311 1679 1385 1769 (vid.

234 1803 307 1888 Gap.
329 1801 345 1864 I
366 1823 390 1866 s.
409 1798 464 1886 f.);
495 1809 560 1861 tum
591 1820 628 1861 ex
648 1797 728 1860 male
757 1796 913 1860 intellecto
944 1797 1079 1883 Dionysii
1109 1798 1178 1861 loco
1208 1794 1257 1883 (Δ.
1290 1797 1330 1860 R.
1358 1794 1385 1859 Ι.

237 1919 289 1982 75.
308 1916 348 1981 cl.
368 1936 458 2000 supra
477 1936 507 1997 p.
526 1910 646 1997 17sq.):
659 1901 809 1985 Παλαιᾶς
828 1908 888 1993 μὲν
909 1897 966 1977 οὖν
987 1901 1065 1976 οὔτε
1086 1902 1294 1998 συγγραφεύς
1313 1898 1390 1974 or’iae

236 2018 442 2117 λογογράφος
464 2023 533 2092 ἐστὶ
541 2018 705 2107 Ῥωμαίων
725 2016 804 2091 odda*
820 2016 874 2101 εἷς
895 2022 930 2090 ἐκ
948 2022 1096 2090 παλαιῶν
1116 2020 1227 2107 μέντοι
1239 2013 1343 2109 λόγων
1356 2019 1391 2088 ἐν

239 2144 372 2234 ἱεροῖς
383 2139 536 2216 δέλτοις
553 2137 744 2223 σωζομένων
762 2129 897 2214 discorde
909 2161 960 2215 τις
968 2134 1171 2229 παραλαβών
1190 2132 1392 2229 ἀνέγραψεν,

235 2258 351 2347 quibus
389 2260 487 2322 statim
525 2257 754 2342 subiunguntur
793 2266 929 2319 veterum
962 2256 1143 2341 scriptorum
1174 2256 1384 2326 Romanorum

196 2432 199 2440 .
235 2374 406 2439 testimonia
427 2372 465 2436 de
486 2372 611 2437 Romuli
633 2371 784 2456 Remiquc
808 2371 926 2455 origine
948 2370 1084 2436 aciatis.
1113 2370 1159 2434 nd
1183 2369 1262 2435 banc
1282 2382 1385 2434 autem

235 2512 371 2555 normam
405 2510 506 2552 rursus
540 2497 662 2551 exactae
693 2496 763 2549 sunt
792 2485 922 2548 aliorum
954 2485 1091 2547 locorum
1111 2484 1385 2569 interpretationes.

237 2608 325 2690 Quae
347 2606 401 2692 qui
422 2615 532 2682 teneat,
553 2602 657 2668 mirari
669 2599 798 2679 desinet,
819 2622 859 2665 ne
876 2599 949 2665 alios
968 2602 1134 2680 nominem,
1153 2600 1387 2667 Lachmannum

241 2720 297 2808 (l.l.
320 2721 336 2782 Ι
358 2742 388 2803 p.
412 2719 465 2806 15)
497 2740 594 2804 usque
621 2738 658 2781 eo
683 2714 847 2801 procedere
869 2715 1017 2801 potuisse,
1049 2727 1082 2779 ut
1114 2715 1301 2800 Pontificum
1329 2737 1385 2780 on·

236 2836 322 2900 noles
346 2836 404 2900 «in
426 2833 536 2921 mythis
558 2830 742 2918 exponendis
766 2831 912 2916 prolixos,
934 2831 967 2893 in
985 2831 1150 2896 Consulum
1170 2830 1293 2894 historia
1315 2831 1385 2894 bre·

236 2952 331 3015 viores
351 2950 442 3013 luisse
451 2971 468 3012 »
494 2947 673 3024 affirmaret,
695 2945 754 3010 hoo
775 2944 900 3032 quidem
920 2967 957 3008 ex
976 2944 1086 3010 diserto
1104 2947 1201 3011 Servii
1215 2945 1390 3009 testimonio

236 3075 319 3130 recte
330 3047 525 3138 efficientem,
538 3059 614 3126 illud
626 3062 843 3125 coniicientem
855 3083 891 3124 er
904 3059 1024 3123 fabellis
1038 3061 1189 3137 maxime,
1217 3080 1293 3145 quas
1313 3059 1390 3122 duas

235 3195 332 3246 tresve
352 3179 558 3265 undecunque
577 3174 756 3260 compilatas
780 3172 912 3237 mendax
942 3175 1028 3237 istius
1052 3173 1150 3237 libelli
1172 3175 1300 3260 scriptor
1319 3186 1387 3238 tan-

237 3317 331 3384 quam
352 3317 389 3357 ex
413 3291 601 3356 «annalibus
622 3288 872 3374 pontificalibus»
903 3287 1046 3352 venditat.
1079 3289 1136 3354 Cui
1165 3311 1264 3375 quum
1293 3287 1388 3354 fidem

237 3409 410 3475 habendam
420 3417 511 3492 neget
521 3405 666 3482 Clericus,
674 3402 733 3468 hac
744 3415 848 3467 tamen
858 3404 939 3467 lama
951 3425 1052 3466 rernm
1065 3404 1105 3466 ita
1116 3414 1182 3480 stat,
1191 3415 1227 3466 ut
1238 3404 1269 3466 in
1279 3402 1388 3470 iisdem

237 3527 355 3592 labellis
374 3545 536 3611 agnoscere
556 3521 614 3585 sibi
635 3518 788 3583 maximos
801 3517 930 3582 urnales
953 3517 1090 3583 videatur
1103 3518 1154 3606 (cl.
1167 3541 1256 3604 snpra
1271 3541 1301 3605 p.
1314 3518 1387 3607 32),

239 3639 404 3727 credatque
435 3640 466 3702 in
499 3636 546 3700 his
568 3635 738 3720 expositum
760 3655 824 3696 esse
846 3631 884 3696 de
907 3633 1036 3696 Troiana
1065 3632 1149 3697 urbis
1179 3635 1314 3721 origine,
1348 3633 1389 3697 de

239 3780 293 3822 sue
314 3756 383 3820 alba
409 3753 558 3839 «triginta
580 3752 717 3836 capitum
739 3747 960 3821 letusenixa»,
983 3745 1083 3833 (leque
1100 3747 1168 3810 aliis
1183 3747 1388 3826 benemultis,

240 3894 318 3960 quae
341 3873 373 3934 in
395 3867 532 3933 Aeneide
553 3866 701 3953 Virgilius
723 3863 898 3928 celebrarit.
921 3860 992 3929 vid.
1015 3862 1081 3926 eius
1104 3883 1133 3948 p.
1152 3864 1224 3928 160.
1236 3861 1387 3948 Equidem

238 3984 320 4074 quod
341 4006 432 4071 supra
453 3983 484 4046 in
508 3981 584 4046 atrio
605 3979 688 4065 regio
710 4000 772 4042 non
795 3979 910 4042 lactum
932 3998 1030 4062 paene
1052 3975 1211 4054 dolebam,
1237 3974 1295 4040 hac
1311 3998 1390 4064 qno·

241 4121 302 4188 que
324 4100 357 4163 in
380 4121 412 4163 re
435 4118 533 4161 unum
555 4095 703 4172 demiror,
727 4094 808 4180 quod
831 4093 887 4180 qni
908 4090 1108 4156 Pontificibus
1129 4101 1174 4154 tot
1194 4090 1389 4156 obtruserunt

240 4215 376 4291 fabulas,
409 4211 502 4277 iidem
533 4211 650 4276 tabulas
677 4210 792 4296 ligneas
821 4230 876 4294 pro
909 4207 1133 4272 commentariis
1164 4220 1386 4295 supponentes,

241 4328 349 4393 harum
378 4350 440 4392 non
470 4338 540 4390 sunt
571 4325 722 4389 ambitum
751 4345 807 4408 per
836 4322 1043 4386 coniecturam
1076 4323 1202 4389 emensi.
1234 4324 1389 4388 sciremus

239 4444 322 4520 lere,
348 4441 488 4509 videlicet
509 4440 600 4504 etiam
625 4460 680 4531 per
700 4438 928 4514 coniecturam,
963 4447 1038 4524 quot
1059 4436 1233 4501 fabularum
1266 4460 1388 4501 enarra-

238 4570 338 4622 tarum
361 4556 497 4641 singulae
520 4553 642 4618 tabulae
664 4553 792 4616 fuissent
813 4572 951 4637 capaces.
973 4552 1024 4616 lm
1036 4575 1107 4618 vero
1118 4553 1202 4620 sedes
1214 4555 1388 4620 fabularum
