<?xml version="1.0" encoding="UTF-8"?>
<!DOCTYPE html PUBLIC "-//W3C//DTD XHTML 1.0 Transitional//EN"
    "http://www.w3.org/TR/xhtml1/DTD/xhtml1-transitional.dtd">
<html xmlns="http://www.w3.org/1999/xhtml" xml:lang="en" lang="en">
 <head>
  <title>
</title>
<meta http-equiv="Content-Type" content="text/html;charset=utf-8" />
  <meta name='ocr-system' content='tesseract 3.04.00' />
  <meta name='ocr-capabilities' content='ocr_page ocr_carea ocr_par ocr_line ocrx_word'/>
</head>
<body>
  <div class='ocr_page' id='page_1' title='image "./disputatiocriti00hullgoog_0053.png"; bbox 0 0 3150 5275; ppageno 0'>
   <div class='ocr_carea' id='block_1_1' title="bbox 736 444 771 508">
    <p class='ocr_par' dir='ltr' id='par_1_1' title="bbox 736 444 771 508">
     <span class='ocr_line' id='line_1_1' title="bbox 736 444 771 508; baseline 0 0"><span class='ocrx_word' id='word_1_1' title='bbox 736 444 771 508; x_wconf 84' lang='lat' dir='ltr'>tt</span> 
     </span>
    </p>
   </div>
   <div class='ocr_carea' id='block_1_2' title="bbox 175 638 1374 1071">
    <p class='ocr_par' dir='ltr' id='par_1_2' title="bbox 175 638 1374 1071">
     <span class='ocr_line' id='line_1_2' title="bbox 183 638 1326 730; baseline -0.004 -27"><span class='ocrx_word' id='word_1_2' title='bbox 183 638 395 707; x_wconf 73' lang='lat' dir='ltr'><strong>abhorrentem</strong></span> <span class='ocrx_word' id='word_1_3' title='bbox 426 643 550 719; x_wconf 83' lang='lat' dir='ltr'>dixerit,</span> <span class='ocrx_word' id='word_1_4' title='bbox 582 646 635 730; x_wconf 93' lang='lat' dir='ltr'>qui</span> <span class='ocrx_word' id='word_1_5' title='bbox 667 656 770 729; x_wconf 87' lang='lat' dir='ltr'>putet,</span> <span class='ocrx_word' id='word_1_6' title='bbox 803 647 952 710; x_wconf 87' lang='lat' dir='ltr'>tumultus</span> <span class='ocrx_word' id='word_1_7' title='bbox 980 641 1151 716; x_wconf 90' lang='lat' dir='ltr'>intestinos,</span> <span class='ocrx_word' id='word_1_8' title='bbox 1182 638 1235 724; x_wconf 91' lang='lat' dir='ltr'>qui</span> <span class='ocrx_word' id='word_1_9' title='bbox 1261 647 1326 699; x_wconf 91' lang='lat' dir='ltr'>tum</span> 
     </span>
     <span class='ocr_line' id='line_1_3' title="bbox 178 753 1326 843; baseline -0.004 -25"><span class='ocrx_word' id='word_1_10' title='bbox 178 755 293 821; x_wconf 88' lang='lat' dir='ltr'>Romae</span> <span class='ocrx_word' id='word_1_11' title='bbox 314 757 455 836; x_wconf 83' lang='lat' dir='ltr'>luerunt,</span> <span class='ocrx_word' id='word_1_12' title='bbox 481 771 545 822; x_wconf 89' lang='lat' dir='ltr'>tum</span> <span class='ocrx_word' id='word_1_13' title='bbox 565 760 639 824; x_wconf 83' lang='lat' dir='ltr'>sorte</span> <span class='ocrx_word' id='word_1_14' title='bbox 659 762 750 823; x_wconf 89' lang='lat' dir='ltr'>etiarn</span> <span class='ocrx_word' id='word_1_15' title='bbox 771 762 867 824; x_wconf 82' lang='lat' dir='ltr'>civilis</span> <span class='ocrx_word' id='word_1_16' title='bbox 885 760 975 838; x_wconf 91' lang='lat' dir='ltr'>belli,</span> <span class='ocrx_word' id='word_1_17' title='bbox 999 755 1080 843; x_wconf 90' lang='lat' dir='ltr'>quod</span> <span class='ocrx_word' id='word_1_18' title='bbox 1100 757 1178 818; x_wconf 90' lang='lat' dir='ltr'>inter</span> <span class='ocrx_word' id='word_1_19' title='bbox 1198 753 1326 816; x_wconf 86' lang='lat' dir='ltr'>ldarium</span> 
     </span>
     <span class='ocr_line' id='line_1_4' title="bbox 177 866 1374 955; baseline -0.002 -28"><span class='ocrx_word' id='word_1_20' title='bbox 177 877 207 928; x_wconf 89' lang='lat' dir='ltr'>et</span> <span class='ocrx_word' id='word_1_21' title='bbox 233 867 351 932; x_wconf 82' lang='lat' dir='ltr'>Sullam</span> <span class='ocrx_word' id='word_1_22' title='bbox 380 880 498 955; x_wconf 85' lang='lat' dir='ltr'>gestum</span> <span class='ocrx_word' id='word_1_23' title='bbox 526 881 588 948; x_wconf 90' lang='lat' dir='ltr'>est,</span> <span class='ocrx_word' id='word_1_24' title='bbox 619 870 722 933; x_wconf 91' lang='lat' dir='ltr'>turbas</span> <span class='ocrx_word' id='word_1_25' title='bbox 750 871 824 935; x_wconf 89' lang='lat' dir='ltr'>huic</span> <span class='ocrx_word' id='word_1_26' title='bbox 849 872 984 935; x_wconf 88' lang='lat' dir='ltr'>instituto</span> <span class='ocrx_word' id='word_1_27' title='bbox 1006 870 1104 954; x_wconf 88' lang='lat' dir='ltr'>prisco</span> <span class='ocrx_word' id='word_1_28' title='bbox 1128 866 1220 929; x_wconf 89' lang='lat' dir='ltr'>finem</span> <span class='ocrx_word' id='word_1_29' title='bbox 1244 874 1326 927; x_wconf 91' lang='lat' dir='ltr'>attu-</span> <span class='ocrx_word' id='word_1_30' title='bbox 1371 896 1374 898; x_wconf 15' lang='grc' dir='ltr'><strong>Δ</strong></span> 
     </span>
     <span class='ocr_line' id='line_1_5' title="bbox 175 979 1327 1071; baseline 0.001 -30"><span class='ocrx_word' id='word_1_31' title='bbox 175 980 282 1045; x_wconf 88' lang='lat' dir='ltr'>lisse».</span> <span class='ocrx_word' id='word_1_32' title='bbox 314 985 397 1053; x_wconf 52' lang='lat' dir='ltr'>Sunt,</span> <span class='ocrx_word' id='word_1_33' title='bbox 428 988 512 1050; x_wconf 91' lang='lat' dir='ltr'>enim</span> <span class='ocrx_word' id='word_1_34' title='bbox 542 1008 595 1051; x_wconf 90' lang='lat' dir='ltr'>eae</span> <span class='ocrx_word' id='word_1_35' title='bbox 628 987 756 1049; x_wconf 88' lang='lat' dir='ltr'>rationes</span> <span class='ocrx_word' id='word_1_36' title='bbox 788 1008 889 1071; x_wconf 91' lang='lat' dir='ltr'>neque</span> <span class='ocrx_word' id='word_1_37' title='bbox 911 985 1036 1048; x_wconf 85' lang='lat' dir='ltr'>idoneae</span> <span class='ocrx_word' id='word_1_38' title='bbox 1058 1004 1116 1047; x_wconf 89' lang='lat' dir='ltr'>nec</span> <span class='ocrx_word' id='word_1_39' title='bbox 1140 1006 1243 1059; x_wconf 86' lang='lat' dir='ltr'>verae,</span> <span class='ocrx_word' id='word_1_40' title='bbox 1274 979 1327 1044; x_wconf 88' lang='lat' dir='ltr'>sed</span> 
     </span>
    </p>
   </div>
   <div class='ocr_carea' id='block_1_3' title="bbox 176 1095 1328 1187">
    <p class='ocr_par' dir='ltr' id='par_1_3' title="bbox 176 1095 1328 1187">
     <span class='ocr_line' id='line_1_6' title="bbox 176 1095 1328 1187; baseline 0.001 -30"><span class='ocrx_word' id='word_1_41' title='bbox 176 1116 258 1158; x_wconf 85' lang='lat' dir='ltr'>error</span> <span class='ocrx_word' id='word_1_42' title='bbox 280 1097 425 1174; x_wconf 85' lang='lat' dir='ltr'>Ilrnestii,</span> <span class='ocrx_word' id='word_1_43' title='bbox 456 1102 571 1185; x_wconf 87' lang='lat' dir='ltr'>quippe</span> <span class='ocrx_word' id='word_1_44' title='bbox 592 1102 647 1187; x_wconf 90' lang='lat' dir='ltr'>qui</span> <span class='ocrx_word' id='word_1_45' title='bbox 666 1100 724 1163; x_wconf 91' lang='lat' dir='ltr'>sub</span> <span class='ocrx_word' id='word_1_46' title='bbox 745 1102 901 1164; x_wconf 90' lang='lat' dir='ltr'>saeculum</span> <span class='ocrx_word' id='word_1_47' title='bbox 923 1100 1085 1183; x_wconf 90' lang='lat' dir='ltr'>septimum</span> <span class='ocrx_word' id='word_1_48' title='bbox 1106 1095 1241 1159; x_wconf 88' lang='lat' dir='ltr'>medium</span> <span class='ocrx_word' id='word_1_49' title='bbox 1264 1095 1328 1159; x_wconf 88' lang='lat' dir='ltr'>lere</span> 
     </span>
    </p>
   </div>
   <div class='ocr_carea' id='block_1_4' title="bbox 95 1210 1410 4165">
    <p class='ocr_par' dir='ltr' id='par_1_4' title="bbox 95 1210 1410 4165">
     <span class='ocr_line' id='line_1_7' title="bbox 176 1210 1326 1297; baseline 0.002 -27"><span class='ocrx_word' id='word_1_50' title='bbox 176 1230 239 1271; x_wconf 87' lang='lat' dir='ltr'>reru</span> <span class='ocrx_word' id='word_1_51' title='bbox 259 1210 368 1273; x_wconf 84' lang='lat' dir='ltr'>lectam</span> <span class='ocrx_word' id='word_1_52' title='bbox 388 1222 517 1295; x_wconf 89' lang='lat' dir='ltr'>putaret.</span> <span class='ocrx_word' id='word_1_53' title='bbox 539 1214 622 1295; x_wconf 87' lang='lat' dir='ltr'>Quas</span> <span class='ocrx_word' id='word_1_54' title='bbox 641 1236 712 1278; x_wconf 80' lang='lat' dir='ltr'>vero</span> <span class='ocrx_word' id='word_1_55' title='bbox 730 1222 836 1279; x_wconf 85' lang='lat' dir='ltr'>causas</span> <span class='ocrx_word' id='word_1_56' title='bbox 857 1216 990 1291; x_wconf 78' lang='lat' dir='ltr'>Clericus</span> <span class='ocrx_word' id='word_1_57' title='bbox 1009 1214 1073 1297; x_wconf 90' lang='lat' dir='ltr'>ipse</span> <span class='ocrx_word' id='word_1_58' title='bbox 1094 1212 1197 1286; x_wconf 88' lang='lat' dir='ltr'>affert,</span> <span class='ocrx_word' id='word_1_59' title='bbox 1220 1231 1326 1274; x_wconf 87' lang='lat' dir='ltr'>earum</span> 
     </span>
     <span class='ocr_line' id='line_1_8' title="bbox 176 1323 1326 1416; baseline 0.002 -32"><span class='ocrx_word' id='word_1_60' title='bbox 176 1342 287 1400; x_wconf 89' lang='lat' dir='ltr'>unam,</span> <span class='ocrx_word' id='word_1_61' title='bbox 309 1323 435 1408; x_wconf 82' lang='lat' dir='ltr'>perinde</span> <span class='ocrx_word' id='word_1_62' title='bbox 453 1347 489 1390; x_wconf 92' lang='lat' dir='ltr'>ac</span> <span class='ocrx_word' id='word_1_63' title='bbox 507 1328 531 1390; x_wconf 92' lang='lat' dir='ltr'>si</span> <span class='ocrx_word' id='word_1_64' title='bbox 548 1349 689 1393; x_wconf 89' lang='lat' dir='ltr'>concessa</span> <span class='ocrx_word' id='word_1_65' title='bbox 711 1332 823 1416; x_wconf 90' lang='lat' dir='ltr'>populo</span> <span class='ocrx_word' id='word_1_66' title='bbox 843 1330 905 1394; x_wconf 91' lang='lat' dir='ltr'>albi</span> <span class='ocrx_word' id='word_1_67' title='bbox 922 1326 1099 1393; x_wconf 92' lang='lat' dir='ltr'>consulendi</span> <span class='ocrx_word' id='word_1_68' title='bbox 1113 1326 1216 1403; x_wconf 84' lang='lat' dir='ltr'>venia,</span> <span class='ocrx_word' id='word_1_69' title='bbox 1236 1334 1326 1388; x_wconf 89' lang='lat' dir='ltr'>nacta</span> 
     </span>
     <span class='ocr_line' id='line_1_9' title="bbox 177 1436 1326 1529; baseline 0.005 -32"><span class='ocrx_word' id='word_1_70' title='bbox 177 1437 238 1499; x_wconf 85' lang='lat' dir='ltr'>vim</span> <span class='ocrx_word' id='word_1_71' title='bbox 271 1436 365 1523; x_wconf 86' lang='lat' dir='ltr'>legis,</span> <span class='ocrx_word' id='word_1_72' title='bbox 403 1442 599 1528; x_wconf 90' lang='lat' dir='ltr'>sequentibus</span> <span class='ocrx_word' id='word_1_73' title='bbox 632 1445 829 1510; x_wconf 89' lang='lat' dir='ltr'>Pontificibus</span> <span class='ocrx_word' id='word_1_74' title='bbox 873 1445 1033 1529; x_wconf 80' lang='lat' dir='ltr'>displicere</span> <span class='ocrx_word' id='word_1_75' title='bbox 1076 1442 1210 1527; x_wconf 88' lang='lat' dir='ltr'>coeperit</span> <span class='ocrx_word' id='word_1_76' title='bbox 1256 1438 1326 1527; x_wconf 91' lang='lat'>(),</span> 
     </span>
     <span class='ocr_line' id='line_1_10' title="bbox 175 1549 1325 1644; baseline 0.004 -32"><span class='ocrx_word' id='word_1_77' title='bbox 175 1549 306 1615; x_wconf 87' lang='lat' dir='ltr'>relutare</span> <span class='ocrx_word' id='word_1_78' title='bbox 336 1553 461 1619; x_wconf 88' lang='lat' dir='ltr'>minime</span> <span class='ocrx_word' id='word_1_79' title='bbox 488 1558 588 1635; x_wconf 82' lang='lat' dir='ltr'>iurat3</span> <span class='ocrx_word' id='word_1_80' title='bbox 621 1560 745 1623; x_wconf 89' lang='lat' dir='ltr'>alteram</span> <span class='ocrx_word' id='word_1_81' title='bbox 776 1571 807 1623; x_wconf 91' lang='lat' dir='ltr'>et</span> <span class='ocrx_word' id='word_1_82' title='bbox 827 1561 891 1644; x_wconf 91' lang='lat' dir='ltr'>ipse</span> <span class='ocrx_word' id='word_1_83' title='bbox 911 1579 1011 1621; x_wconf 85' lang='lat' dir='ltr'>reram</span> <span class='ocrx_word' id='word_1_84' title='bbox 1035 1555 1132 1634; x_wconf 86' lang='lat' dir='ltr'>duco,</span> <span class='ocrx_word' id='word_1_85' title='bbox 1153 1577 1250 1641; x_wconf 91' lang='lat' dir='ltr'>quum</span> <span class='ocrx_word' id='word_1_86' title='bbox 1271 1553 1325 1617; x_wconf 92' lang='lat' dir='ltr'>ad-</span> 
     </span>
     <span class='ocr_line' id='line_1_11' title="bbox 177 1664 1325 1758; baseline 0.005 -32"><span class='ocrx_word' id='word_1_87' title='bbox 177 1664 301 1729; x_wconf 87' lang='lat' dir='ltr'>modum</span> <span class='ocrx_word' id='word_1_88' title='bbox 325 1669 479 1752; x_wconf 81' lang='lat' dir='ltr'>probabile</span> <span class='ocrx_word' id='word_1_89' title='bbox 503 1675 558 1747; x_wconf 89' lang='lat' dir='ltr'>sit,</span> <span class='ocrx_word' id='word_1_90' title='bbox 591 1696 635 1736; x_wconf 85' lang='lat' dir='ltr'>res</span> <span class='ocrx_word' id='word_1_91' title='bbox 658 1677 865 1738; x_wconf 87' lang='lat' dir='ltr'>Romanorum</span> <span class='ocrx_word' id='word_1_92' title='bbox 889 1684 984 1758; x_wconf 86' lang='lat' dir='ltr'>gestas</span> <span class='ocrx_word' id='word_1_93' title='bbox 1009 1670 1055 1733; x_wconf 85' lang='lat' dir='ltr'>rel</span> <span class='ocrx_word' id='word_1_94' title='bbox 1076 1671 1180 1756; x_wconf 88' lang='lat' dir='ltr'>quovis</span> <span class='ocrx_word' id='word_1_95' title='bbox 1200 1669 1325 1732; x_wconf 89' lang='lat' dir='ltr'>nomine</span> 
     </span>
     <span class='ocr_line' id='line_1_12' title="bbox 177 1781 1327 1870; baseline 0.004 -29"><span class='ocrx_word' id='word_1_96' title='bbox 177 1791 345 1845; x_wconf 90' lang='lat' dir='ltr'>memoratu</span> <span class='ocrx_word' id='word_1_97' title='bbox 369 1783 475 1869; x_wconf 87' lang='lat' dir='ltr'>dignas</span> <span class='ocrx_word' id='word_1_98' title='bbox 504 1786 573 1851; x_wconf 93' lang='lat' dir='ltr'>ideo</span> <span class='ocrx_word' id='word_1_99' title='bbox 605 1788 711 1852; x_wconf 88' lang='lat' dir='ltr'>desitas</span> <span class='ocrx_word' id='word_1_100' title='bbox 741 1811 803 1852; x_wconf 90' lang='lat' dir='ltr'>esse</span> <span class='ocrx_word' id='word_1_101' title='bbox 833 1789 865 1850; x_wconf 93' lang='lat' dir='ltr'>in</span> <span class='ocrx_word' id='word_1_102' title='bbox 887 1787 956 1850; x_wconf 92' lang='lat' dir='ltr'>albo</span> <span class='ocrx_word' id='word_1_103' title='bbox 979 1784 1123 1870; x_wconf 92' lang='lat' dir='ltr'>proponi,</span> <span class='ocrx_word' id='word_1_104' title='bbox 1155 1781 1236 1869; x_wconf 91' lang='lat' dir='ltr'>quod</span> <span class='ocrx_word' id='word_1_105' title='bbox 1259 1801 1327 1846; x_wconf 89' lang='lat' dir='ltr'>cre-</span> 
     </span>
     <span class='ocr_line' id='line_1_13' title="bbox 174 1895 1325 1987; baseline -0.001 -28"><span class='ocrx_word' id='word_1_106' title='bbox 174 1907 276 1961; x_wconf 90' lang='lat' dir='ltr'>scente</span> <span class='ocrx_word' id='word_1_107' title='bbox 298 1918 371 1961; x_wconf 91' lang='lat' dir='ltr'>curu</span> <span class='ocrx_word' id='word_1_108' title='bbox 389 1899 487 1963; x_wconf 89' lang='lat' dir='ltr'>studio</span> <span class='ocrx_word' id='word_1_109' title='bbox 509 1902 665 1965; x_wconf 87' lang='lat' dir='ltr'>literarum</span> <span class='ocrx_word' id='word_1_110' title='bbox 683 1926 813 1967; x_wconf 92' lang='lat' dir='ltr'>numero</span> <span class='ocrx_word' id='word_1_111' title='bbox 833 1905 1033 1987; x_wconf 90' lang='lat' dir='ltr'>scriptorum,</span> <span class='ocrx_word' id='word_1_112' title='bbox 1054 1900 1109 1986; x_wconf 91' lang='lat' dir='ltr'>qui</span> <span class='ocrx_word' id='word_1_113' title='bbox 1130 1898 1188 1981; x_wconf 91' lang='lat' dir='ltr'>ipsi</span> <span class='ocrx_word' id='word_1_114' title='bbox 1210 1895 1325 1959; x_wconf 90' lang='lat' dir='ltr'>conde-</span> 
     </span>
     <span class='ocr_line' id='line_1_14' title="bbox 176 2011 1322 2103; baseline 0.003 -31"><span class='ocrx_word' id='word_1_115' title='bbox 176 2021 243 2073; x_wconf 86' lang='lat' dir='ltr'>rent</span> <span class='ocrx_word' id='word_1_116' title='bbox 260 2012 387 2076; x_wconf 82' lang='lat' dir='ltr'>oruroles</span> <span class='ocrx_word' id='word_1_117' title='bbox 401 2026 453 2078; x_wconf 89' lang='lat' dir='ltr'>aut</span> <span class='ocrx_word' id='word_1_118' title='bbox 471 2014 613 2080; x_wconf 76' lang='lat' dir='ltr'>historias</span> <span class='ocrx_word' id='word_1_119' title='bbox 632 2014 819 2103; x_wconf 87' lang='lat' dir='ltr'>evulgarent,</span> <span class='ocrx_word' id='word_1_120' title='bbox 842 2016 931 2102; x_wconf 90' lang='lat' dir='ltr'>periit</span> <span class='ocrx_word' id='word_1_121' title='bbox 943 2015 1049 2079; x_wconf 85' lang='lat' dir='ltr'>veteris</span> <span class='ocrx_word' id='word_1_122' title='bbox 1060 2012 1190 2075; x_wconf 92' lang='lat' dir='ltr'>instituti</span> <span class='ocrx_word' id='word_1_123' title='bbox 1200 2011 1322 2075; x_wconf 89' lang='lat' dir='ltr'>utilitas.</span> 
     </span>
     <span class='ocr_line' id='line_1_15' title="bbox 176 2122 1325 2217; baseline 0.003 -31"><span class='ocrx_word' id='word_1_124' title='bbox 176 2122 291 2187; x_wconf 89' lang='lat' dir='ltr'>Omitto</span> <span class='ocrx_word' id='word_1_125' title='bbox 313 2124 460 2205; x_wconf 84' lang='lat' dir='ltr'>Graecos3</span> <span class='ocrx_word' id='word_1_126' title='bbox 494 2130 545 2193; x_wconf 89' lang='lat' dir='ltr'>sed</span> <span class='ocrx_word' id='word_1_127' title='bbox 567 2133 793 2208; x_wconf 80' lang='lat' dir='ltr'>Romanorum,</span> <span class='ocrx_word' id='word_1_128' title='bbox 826 2132 880 2217; x_wconf 93' lang='lat' dir='ltr'>qui</span> <span class='ocrx_word' id='word_1_129' title='bbox 903 2153 948 2194; x_wconf 82' lang='lat' dir='ltr'>res</span> <span class='ocrx_word' id='word_1_130' title='bbox 972 2130 1080 2213; x_wconf 90' lang='lat' dir='ltr'>patrias</span> <span class='ocrx_word' id='word_1_131' title='bbox 1101 2128 1212 2212; x_wconf 89' lang='lat' dir='ltr'>scripto</span> <span class='ocrx_word' id='word_1_132' title='bbox 1235 2148 1325 2190; x_wconf 90' lang='lat' dir='ltr'>man·</span> 
     </span>
     <span class='ocr_line' id='line_1_16' title="bbox 175 2238 1323 2327; baseline 0 -25"><span class='ocrx_word' id='word_1_133' title='bbox 175 2238 339 2318; x_wconf 84' lang='lat' dir='ltr'>darerunt,</span> <span class='ocrx_word' id='word_1_134' title='bbox 363 2242 567 2326; x_wconf 90' lang='lat' dir='ltr'>complurium</span> <span class='ocrx_word' id='word_1_135' title='bbox 590 2246 650 2306; x_wconf 88' lang='lat' dir='ltr'>iam</span> <span class='ocrx_word' id='word_1_136' title='bbox 671 2255 741 2308; x_wconf 90' lang='lat' dir='ltr'>ante</span> <span class='ocrx_word' id='word_1_137' title='bbox 763 2245 916 2324; x_wconf 84' lang='lat' dir='ltr'>sublatum</span> <span class='ocrx_word' id='word_1_138' title='bbox 934 2244 1038 2308; x_wconf 91' lang='lat' dir='ltr'>album</span> <span class='ocrx_word' id='word_1_139' title='bbox 1051 2242 1225 2327; x_wconf 90' lang='lat' dir='ltr'>prodierant</span> <span class='ocrx_word' id='word_1_140' title='bbox 1235 2239 1323 2317; x_wconf 94' lang='lat' dir='ltr'>libri,</span> 
     </span>
     <span class='ocr_line' id='line_1_17' title="bbox 174 2352 1325 2440; baseline 0.003 -23"><span class='ocrx_word' id='word_1_141' title='bbox 174 2376 305 2439; x_wconf 87' lang='lat' dir='ltr'>quorum</span> <span class='ocrx_word' id='word_1_142' title='bbox 332 2369 401 2420; x_wconf 91' lang='lat' dir='ltr'>sunt</span> <span class='ocrx_word' id='word_1_143' title='bbox 422 2358 473 2420; x_wconf 89' lang='lat' dir='ltr'>alii</span> <span class='ocrx_word' id='word_1_144' title='bbox 497 2379 634 2422; x_wconf 90' lang='lat' dir='ltr'>sermone</span> <span class='ocrx_word' id='word_1_145' title='bbox 657 2358 775 2423; x_wconf 87' lang='lat' dir='ltr'>Graeco</span> <span class='ocrx_word' id='word_1_146' title='bbox 799 2360 868 2434; x_wconf 91' lang='lat' dir='ltr'>usi,</span> <span class='ocrx_word' id='word_1_147' title='bbox 900 2369 935 2421; x_wconf 91' lang='lat' dir='ltr'>ut</span> <span class='ocrx_word' id='word_1_148' title='bbox 956 2358 993 2439; x_wconf 88' lang='lat' dir='ltr'>Q.</span> <span class='ocrx_word' id='word_1_149' title='bbox 1016 2355 1125 2419; x_wconf 82' lang='lat' dir='ltr'>Fabius</span> <span class='ocrx_word' id='word_1_150' title='bbox 1144 2355 1246 2417; x_wconf 89' lang='lat' dir='ltr'>Pictor</span> <span class='ocrx_word' id='word_1_151' title='bbox 1272 2352 1325 2440; x_wconf 83' lang='lat' dir='ltr'>(cl.</span> 
     </span>
     <span class='ocr_line' id='line_1_18' title="bbox 174 2466 1323 2559; baseline -0.004 -26"><span class='ocrx_word' id='word_1_152' title='bbox 174 2470 302 2537; x_wconf 90' lang='lat' dir='ltr'>Harless.</span> <span class='ocrx_word' id='word_1_153' title='bbox 319 2472 363 2537; x_wconf 92' lang='lat' dir='ltr'>l.l.</span> <span class='ocrx_word' id='word_1_154' title='bbox 384 2495 414 2557; x_wconf 88' lang='lat' dir='ltr'>p.</span> <span class='ocrx_word' id='word_1_155' title='bbox 436 2476 454 2534; x_wconf 75' lang='lat' dir='ltr'>I</span> <span class='ocrx_word' id='word_1_156' title='bbox 473 2472 570 2559; x_wconf 87' lang='lat' dir='ltr'>sqq),</span> <span class='ocrx_word' id='word_1_157' title='bbox 594 2473 626 2537; x_wconf 87' lang='lat' dir='ltr'>L.</span> <span class='ocrx_word' id='word_1_158' title='bbox 644 2473 767 2538; x_wconf 85' lang='lat' dir='ltr'>Cincius</span> <span class='ocrx_word' id='word_1_159' title='bbox 786 2472 974 2546; x_wconf 80' lang='lat' dir='ltr'>Alimentus,</span> <span class='ocrx_word' id='word_1_160' title='bbox 993 2470 1025 2535; x_wconf 87' lang='lat' dir='ltr'>G.</span> <span class='ocrx_word' id='word_1_161' title='bbox 1047 2469 1163 2532; x_wconf 92' lang='lat' dir='ltr'>Acilius</span> <span class='ocrx_word' id='word_1_162' title='bbox 1181 2466 1323 2544; x_wconf 87' lang='lat' dir='ltr'>Glabrio,</span> 
     </span>
     <span class='ocr_line' id='line_1_19' title="bbox 176 2585 1325 2673; baseline -0.003 -23"><span class='ocrx_word' id='word_1_163' title='bbox 176 2586 212 2650; x_wconf 92' lang='lat' dir='ltr'>A.</span> <span class='ocrx_word' id='word_1_164' title='bbox 246 2586 417 2650; x_wconf 86' lang='lat' dir='ltr'>Postumius</span> <span class='ocrx_word' id='word_1_165' title='bbox 458 2587 604 2666; x_wconf 82' lang='lat' dir='ltr'>Albinus,</span> <span class='ocrx_word' id='word_1_166' title='bbox 635 2588 739 2652; x_wconf 92' lang='lat' dir='ltr'>Latino</span> <span class='ocrx_word' id='word_1_167' title='bbox 768 2588 839 2666; x_wconf 90' lang='lat' dir='ltr'>alii,</span> <span class='ocrx_word' id='word_1_168' title='bbox 870 2598 904 2652; x_wconf 91' lang='lat' dir='ltr'>ut</span> <span class='ocrx_word' id='word_1_169' title='bbox 931 2587 1024 2673; x_wconf 87' lang='lat' dir='ltr'>ligata</span> <span class='ocrx_word' id='word_1_170' title='bbox 1048 2585 1182 2649; x_wconf 90' lang='lat' dir='ltr'>oratione</span> <span class='ocrx_word' id='word_1_171' title='bbox 1207 2593 1325 2669; x_wconf 90' lang='lat' dir='ltr'>praeter</span> 
     </span>
     <span class='ocr_line' id='line_1_20' title="bbox 173 2698 1322 2780; baseline -0.001 -17"><span class='ocrx_word' id='word_1_172' title='bbox 173 2699 227 2765; x_wconf 84' lang='lat' dir='ltr'>Gn.</span> <span class='ocrx_word' id='word_1_173' title='bbox 249 2700 398 2765; x_wconf 89' lang='lat' dir='ltr'>Naevium</span> <span class='ocrx_word' id='word_1_174' title='bbox 425 2701 462 2780; x_wconf 89' lang='lat' dir='ltr'>Q.</span> <span class='ocrx_word' id='word_1_175' title='bbox 487 2702 619 2780; x_wconf 88' lang='lat' dir='ltr'>Ilnnius,</span> <span class='ocrx_word' id='word_1_176' title='bbox 650 2704 746 2769; x_wconf 90' lang='lat' dir='ltr'>soluta</span> <span class='ocrx_word' id='word_1_177' title='bbox 770 2704 852 2768; x_wconf 89' lang='lat' dir='ltr'>idem</span> <span class='ocrx_word' id='word_1_178' title='bbox 877 2704 929 2766; x_wconf 91' lang='lat' dir='ltr'>ille</span> <span class='ocrx_word' id='word_1_179' title='bbox 948 2701 1059 2777; x_wconf 88' lang='lat' dir='ltr'>Pictor,</span> <span class='ocrx_word' id='word_1_180' title='bbox 1081 2698 1162 2762; x_wconf 90' lang='lat' dir='ltr'>idem</span> <span class='ocrx_word' id='word_1_181' title='bbox 1176 2698 1322 2778; x_wconf 79' lang='lat' dir='ltr'>Albinus,</span> 
     </span>
     <span class='ocr_line' id='line_1_21' title="bbox 172 2813 1322 2903; baseline -0.001 -25"><span class='ocrx_word' id='word_1_182' title='bbox 172 2836 211 2878; x_wconf 89' lang='lat' dir='ltr'>ne</span> <span class='ocrx_word' id='word_1_183' title='bbox 237 2816 276 2880; x_wconf 85' lang='lat' dir='ltr'>ld.</span> <span class='ocrx_word' id='word_1_184' title='bbox 299 2817 398 2879; x_wconf 84' lang='lat' dir='ltr'>Fulvii</span> <span class='ocrx_word' id='word_1_185' title='bbox 428 2815 587 2880; x_wconf 88' lang='lat' dir='ltr'>Nobilioris</span> <span class='ocrx_word' id='word_1_186' title='bbox 618 2816 726 2882; x_wconf 77' lang='lat' dir='ltr'>Festos</span> <span class='ocrx_word' id='word_1_187' title='bbox 755 2819 896 2894; x_wconf 79' lang='lat' dir='ltr'>afferam,</span> <span class='ocrx_word' id='word_1_188' title='bbox 925 2818 1080 2903; x_wconf 90' lang='lat' dir='ltr'>nullisque</span> <span class='ocrx_word' id='word_1_189' title='bbox 1103 2813 1211 2878; x_wconf 89' lang='lat' dir='ltr'>horum</span> <span class='ocrx_word' id='word_1_190' title='bbox 1238 2836 1322 2878; x_wconf 90' lang='lat' dir='ltr'>conr·</span> 
     </span>
     <span class='ocr_line' id='line_1_22' title="bbox 173 2932 1320 3017; baseline 0.002 -25"><span class='ocrx_word' id='word_1_191' title='bbox 173 2932 390 2994; x_wconf 88' lang='lat' dir='ltr'>mentariorum</span> <span class='ocrx_word' id='word_1_192' title='bbox 414 2932 568 2996; x_wconf 84' lang='lat' dir='ltr'>inferiores</span> <span class='ocrx_word' id='word_1_193' title='bbox 600 2933 734 3016; x_wconf 76' lang='lat' dir='ltr'>oripr&#39;rres</span> <span class='ocrx_word' id='word_1_194' title='bbox 754 2934 794 2997; x_wconf 86' lang='lat' dir='ltr'>tt.</span> <span class='ocrx_word' id='word_1_195' title='bbox 818 2933 917 2997; x_wconf 90' lang='lat' dir='ltr'>Porcii</span> <span class='ocrx_word' id='word_1_196' title='bbox 939 2932 1067 2996; x_wconf 84' lang='lat' dir='ltr'>Catonis.</span> <span class='ocrx_word' id='word_1_197' title='bbox 1100 2932 1207 3017; x_wconf 86' lang='lat' dir='ltr'>Neque</span> <span class='ocrx_word' id='word_1_198' title='bbox 1229 2933 1320 2994; x_wconf 91' lang='lat' dir='ltr'>aliam</span> 
     </span>
     <span class='ocr_line' id='line_1_23' title="bbox 170 3043 1322 3133; baseline -0.002 -23"><span class='ocrx_word' id='word_1_199' title='bbox 170 3067 291 3110; x_wconf 85' lang='lat' dir='ltr'>causam</span> <span class='ocrx_word' id='word_1_200' title='bbox 324 3045 459 3131; x_wconf 87' lang='lat' dir='ltr'>probavit</span> <span class='ocrx_word' id='word_1_201' title='bbox 486 3045 689 3125; x_wconf 89' lang='lat' dir='ltr'>Niebuhrius,</span> <span class='ocrx_word' id='word_1_202' title='bbox 713 3049 813 3115; x_wconf 89' lang='lat' dir='ltr'>Vortr.</span> <span class='ocrx_word' id='word_1_203' title='bbox 836 3050 850 3111; x_wconf 98' lang='lat' dir='ltr'>I</span> <span class='ocrx_word' id='word_1_204' title='bbox 879 3071 908 3132; x_wconf 92' lang='lat' dir='ltr'>p.</span> <span class='ocrx_word' id='word_1_205' title='bbox 932 3050 952 3111; x_wconf 84' lang='lat'>9</span> <span class='ocrx_word' id='word_1_206' title='bbox 985 3047 1036 3133; x_wconf 84' lang='lat' dir='ltr'>(cl.</span> <span class='ocrx_word' id='word_1_207' title='bbox 1058 3046 1148 3110; x_wconf 82' lang='lat' dir='ltr'>Rem.</span> <span class='ocrx_word' id='word_1_208' title='bbox 1173 3043 1283 3111; x_wconf 88' lang='lat' dir='ltr'>Gescb.</span> <span class='ocrx_word' id='word_1_209' title='bbox 1306 3046 1322 3108; x_wconf 95' lang='grc' dir='ltr'><strong>Ι</strong></span> 
     </span>
     <span class='ocr_line' id='line_1_24' title="bbox 172 3158 1321 3248; baseline -0.001 -24"><span class='ocrx_word' id='word_1_210' title='bbox 172 3183 202 3245; x_wconf 88' lang='lat' dir='ltr'>p.</span> <span class='ocrx_word' id='word_1_211' title='bbox 233 3164 295 3224; x_wconf 71' lang='lat' dir='ltr'>aba</span> <span class='ocrx_word' id='word_1_212' title='bbox 324 3160 372 3224; x_wconf 92' lang='lat' dir='ltr'>ed.</span> <span class='ocrx_word' id='word_1_213' title='bbox 403 3160 491 3247; x_wconf 81' lang='lat' dir='ltr'>alt),</span> <span class='ocrx_word' id='word_1_214' title='bbox 523 3160 693 3248; x_wconf 87' lang='lat' dir='ltr'>eademque</span> <span class='ocrx_word' id='word_1_215' title='bbox 726 3163 841 3248; x_wconf 87' lang='lat' dir='ltr'>placuit</span> <span class='ocrx_word' id='word_1_216' title='bbox 866 3162 1020 3237; x_wconf 81' lang='lat' dir='ltr'>Beckero,</span> <span class='ocrx_word' id='word_1_217' title='bbox 1049 3161 1118 3246; x_wconf 93' lang='lat' dir='ltr'>Ip.</span> <span class='ocrx_word' id='word_1_218' title='bbox 1143 3163 1177 3234; x_wconf 91' lang='lat'>7,</span> <span class='ocrx_word' id='word_1_219' title='bbox 1202 3161 1259 3223; x_wconf 89' lang='lat' dir='ltr'>etsi</span> <span class='ocrx_word' id='word_1_220' title='bbox 1281 3158 1321 3223; x_wconf 90' lang='lat' dir='ltr'>de</span> 
     </span>
     <span class='ocr_line' id='line_1_25' title="bbox 173 3271 1410 3361; baseline 0.003 -24"><span class='ocrx_word' id='word_1_221' title='bbox 173 3273 265 3338; x_wconf 90' lang='lat' dir='ltr'>huius</span> <span class='ocrx_word' id='word_1_222' title='bbox 284 3277 449 3352; x_wconf 92' lang='lat' dir='ltr'>sententia,</span> <span class='ocrx_word' id='word_1_223' title='bbox 474 3275 503 3337; x_wconf 92' lang='lat' dir='ltr'>id</span> <span class='ocrx_word' id='word_1_224' title='bbox 525 3275 606 3361; x_wconf 90' lang='lat' dir='ltr'>quod</span> <span class='ocrx_word' id='word_1_225' title='bbox 630 3276 671 3338; x_wconf 88' lang='lat' dir='ltr'>ab</span> <span class='ocrx_word' id='word_1_226' title='bbox 692 3296 728 3339; x_wconf 93' lang='lat' dir='ltr'>eo</span> <span class='ocrx_word' id='word_1_227' title='bbox 751 3287 833 3339; x_wconf 89' lang='lat' dir='ltr'>certe</span> <span class='ocrx_word' id='word_1_228' title='bbox 855 3298 916 3339; x_wconf 95' lang='lat' dir='ltr'>non</span> <span class='ocrx_word' id='word_1_229' title='bbox 938 3271 1161 3359; x_wconf 80' lang='lat' dir='ltr'>exspectabam,</span> <span class='ocrx_word' id='word_1_230' title='bbox 1174 3274 1265 3336; x_wconf 92' lang='lat' dir='ltr'>etiam</span> <span class='ocrx_word' id='word_1_231' title='bbox 1286 3275 1319 3337; x_wconf 91' lang='lat' dir='ltr'>in</span> <span class='ocrx_word' id='word_1_232' title='bbox 1408 3335 1410 3341; x_wconf 90' lang='lat'>.</span> 
     </span>
     <span class='ocr_line' id='line_1_26' title="bbox 173 3385 1320 3476; baseline 0.002 -26"><span class='ocrx_word' id='word_1_233' title='bbox 173 3385 231 3453; x_wconf 86' lang='lat' dir='ltr'>hoc</span> <span class='ocrx_word' id='word_1_234' title='bbox 260 3391 315 3453; x_wconf 89' lang='lat' dir='ltr'>sita</span> <span class='ocrx_word' id='word_1_235' title='bbox 344 3413 406 3454; x_wconf 91' lang='lat' dir='ltr'>esse</span> <span class='ocrx_word' id='word_1_236' title='bbox 436 3391 584 3474; x_wconf 92' lang='lat' dir='ltr'>potuerit,</span> <span class='ocrx_word' id='word_1_237' title='bbox 619 3389 699 3476; x_wconf 90' lang='lat' dir='ltr'>quod</span> <span class='ocrx_word' id='word_1_238' title='bbox 729 3401 812 3464; x_wconf 90' lang='lat' dir='ltr'>tum,</span> <span class='ocrx_word' id='word_1_239' title='bbox 844 3390 981 3475; x_wconf 82' lang='lat' dir='ltr'>quamvis</span> <span class='ocrx_word' id='word_1_240' title='bbox 1003 3409 1065 3451; x_wconf 95' lang='lat' dir='ltr'>non</span> <span class='ocrx_word' id='word_1_241' title='bbox 1089 3390 1244 3473; x_wconf 90' lang='lat' dir='ltr'>primum,</span> <span class='ocrx_word' id='word_1_242' title='bbox 1265 3388 1320 3452; x_wconf 90' lang='lat' dir='ltr'>de-</span> 
     </span>
     <span class='ocr_line' id='line_1_27' title="bbox 169 3501 1318 3589; baseline 0.001 -22"><span class='ocrx_word' id='word_1_243' title='bbox 169 3504 289 3568; x_wconf 88' lang='lat' dir='ltr'>albatae</span> <span class='ocrx_word' id='word_1_244' title='bbox 322 3505 443 3568; x_wconf 86' lang='lat' dir='ltr'>tabulae</span> <span class='ocrx_word' id='word_1_245' title='bbox 476 3505 665 3568; x_wconf 88' lang='lat' dir='ltr'>interiissent.</span> <span class='ocrx_word' id='word_1_246' title='bbox 699 3504 769 3571; x_wconf 87' lang='lat' dir='ltr'>vid.</span> <span class='ocrx_word' id='word_1_247' title='bbox 800 3504 873 3568; x_wconf 89' lang='lat' dir='ltr'>ibid.</span> <span class='ocrx_word' id='word_1_248' title='bbox 905 3525 935 3588; x_wconf 93' lang='lat' dir='ltr'>p.</span> <span class='ocrx_word' id='word_1_249' title='bbox 969 3506 1000 3567; x_wconf 90' lang='grc'>9.</span> <span class='ocrx_word' id='word_1_250' title='bbox 1040 3501 1170 3565; x_wconf 85' lang='lat' dir='ltr'>Tabulas</span> <span class='ocrx_word' id='word_1_251' title='bbox 1192 3502 1318 3589; x_wconf 92' lang='lat' dir='ltr'>quidem</span> 
     </span>
     <span class='ocr_line' id='line_1_28' title="bbox 95 3610 1318 3706; baseline -0.002 -22"><span class='ocrx_word' id='word_1_252' title='bbox 95 3610 98 3614; x_wconf 33' lang='lat'>¹</span> <span class='ocrx_word' id='word_1_253' title='bbox 170 3621 278 3685; x_wconf 90' lang='lat' dir='ltr'>merito</span> <span class='ocrx_word' id='word_1_254' title='bbox 305 3620 442 3683; x_wconf 85' lang='lat' dir='ltr'>Klotaius</span> <span class='ocrx_word' id='word_1_255' title='bbox 468 3619 523 3706; x_wconf 92' lang='lat' dir='ltr'>(l.l.</span> <span class='ocrx_word' id='word_1_256' title='bbox 542 3642 575 3704; x_wconf 92' lang='lat' dir='ltr'>p.</span> <span class='ocrx_word' id='word_1_257' title='bbox 601 3617 675 3704; x_wconf 81' lang='lat'>568)</span> <span class='ocrx_word' id='word_1_258' title='bbox 700 3640 761 3682; x_wconf 90' lang='lat' dir='ltr'>non</span> <span class='ocrx_word' id='word_1_259' title='bbox 783 3630 888 3696; x_wconf 92' lang='lat' dir='ltr'>curat,</span> <span class='ocrx_word' id='word_1_260' title='bbox 920 3616 971 3681; x_wconf 90' lang='lat' dir='ltr'>sed</span> <span class='ocrx_word' id='word_1_261' title='bbox 992 3619 1035 3680; x_wconf 90' lang='lat' dir='ltr'>ita</span> <span class='ocrx_word' id='word_1_262' title='bbox 1057 3629 1159 3681; x_wconf 90' lang='lat' dir='ltr'>tamen</span> <span class='ocrx_word' id='word_1_263' title='bbox 1180 3617 1318 3682; x_wconf 82' lang='lat' dir='ltr'>Beckero</span> 
     </span>
     <span class='ocr_line' id='line_1_29' title="bbox 168 3730 1319 3820; baseline -0.003 -21"><span class='ocrx_word' id='word_1_264' title='bbox 168 3736 338 3813; x_wconf 85' lang='lat' dir='ltr'>assentitur,</span> <span class='ocrx_word' id='word_1_265' title='bbox 362 3745 395 3797; x_wconf 91' lang='lat' dir='ltr'>ut</span> <span class='ocrx_word' id='word_1_266' title='bbox 418 3745 534 3796; x_wconf 82' lang='lat' dir='ltr'>vastum</span> <span class='ocrx_word' id='word_1_267' title='bbox 554 3732 749 3812; x_wconf 88' lang='lat' dir='ltr'>incendium,</span> <span class='ocrx_word' id='word_1_268' title='bbox 781 3755 844 3820; x_wconf 93' lang='lat' dir='ltr'>quo</span> <span class='ocrx_word' id='word_1_269' title='bbox 865 3755 892 3796; x_wconf 93' lang='lat' dir='ltr'>a.</span> <span class='ocrx_word' id='word_1_270' title='bbox 913 3734 950 3798; x_wconf 93' lang='lat' dir='ltr'>U.</span> <span class='ocrx_word' id='word_1_271' title='bbox 974 3734 1037 3796; x_wconf 76' lang='lat'>605</span> <span class='ocrx_word' id='word_1_272' title='bbox 1056 3732 1140 3815; x_wconf 82' lang='lat' dir='ltr'>regia</span> <span class='ocrx_word' id='word_1_273' title='bbox 1165 3730 1263 3796; x_wconf 89' lang='lat' dir='ltr'>deleta</span> <span class='ocrx_word' id='word_1_274' title='bbox 1275 3744 1319 3798; x_wconf 87' lang='lat' dir='ltr'>est</span> 
     </span>
     <span class='ocr_line' id='line_1_30' title="bbox 173 3846 1318 3935; baseline -0.002 -23"><span class='ocrx_word' id='word_1_275' title='bbox 173 3847 242 3935; x_wconf 87' lang='lat' dir='ltr'>(lul.</span> <span class='ocrx_word' id='word_1_276' title='bbox 271 3849 383 3935; x_wconf 86' lang='lat' dir='ltr'>Obseq.</span> <span class='ocrx_word' id='word_1_277' title='bbox 414 3847 608 3933; x_wconf 81' lang='lat' dir='ltr'>LXXVIII),</span> <span class='ocrx_word' id='word_1_278' title='bbox 642 3871 696 3933; x_wconf 90' lang='lat' dir='ltr'>pro</span> <span class='ocrx_word' id='word_1_279' title='bbox 731 3871 821 3912; x_wconf 90' lang='lat' dir='ltr'>causa</span> <span class='ocrx_word' id='word_1_280' title='bbox 858 3848 969 3912; x_wconf 89' lang='lat' dir='ltr'>babeat</span> <span class='ocrx_word' id='word_1_281' title='bbox 999 3846 1194 3924; x_wconf 75' lang='lat' dir='ltr'>secundaria,</span> <span class='ocrx_word' id='word_1_282' title='bbox 1230 3849 1318 3913; x_wconf 93' lang='lat' dir='ltr'>euius</span> 
     </span>
     <span class='ocr_line' id='line_1_31' title="bbox 168 3941 1315 4050; baseline -0.003 -22"><span class='ocrx_word' id='word_1_283' title='bbox 168 3966 275 4050; x_wconf 91' lang='lat' dir='ltr'>utique</span> <span class='ocrx_word' id='word_1_284' title='bbox 296 3941 361 4029; x_wconf 80' lang='lat' dir='ltr'>lum</span> <span class='ocrx_word' id='word_1_285' title='bbox 384 3962 486 4027; x_wconf 88' lang='lat' dir='ltr'>tardus</span> <span class='ocrx_word' id='word_1_286' title='bbox 508 3961 565 4024; x_wconf 88' lang='lat' dir='ltr'>luit</span> <span class='ocrx_word' id='word_1_287' title='bbox 585 3960 719 4034; x_wconf 85' lang='lat' dir='ltr'>ellectus.</span> <span class='ocrx_word' id='word_1_288' title='bbox 742 3962 800 4027; x_wconf 90' lang='lat' dir='ltr'>Sed</span> <span class='ocrx_word' id='word_1_289' title='bbox 821 3985 941 4040; x_wconf 90' lang='lat' dir='ltr'>omnes,</span> <span class='ocrx_word' id='word_1_290' title='bbox 964 3984 1043 4048; x_wconf 89' lang='lat' dir='ltr'>quae</span> <span class='ocrx_word' id='word_1_291' title='bbox 1063 3986 1126 4027; x_wconf 90' lang='lat' dir='ltr'>esse</span> <span class='ocrx_word' id='word_1_292' title='bbox 1144 3965 1315 4049; x_wconf 88' lang='lat' dir='ltr'>potuerint,</span> 
     </span>
     <span class='ocr_line' id='line_1_32' title="bbox 168 4075 1317 4165; baseline -0.003 -21"><span class='ocrx_word' id='word_1_293' title='bbox 168 4101 272 4144; x_wconf 91' lang='lat' dir='ltr'>causas</span> <span class='ocrx_word' id='word_1_294' title='bbox 301 4081 369 4165; x_wconf 90' lang='lat' dir='ltr'>quis</span> <span class='ocrx_word' id='word_1_295' title='bbox 401 4075 621 4165; x_wconf 82' lang='lat' dir='ltr'>exquisiverit?</span> <span class='ocrx_word' id='word_1_296' title='bbox 659 4077 703 4165; x_wconf 74' lang='lat' dir='ltr'>(t)</span> <span class='ocrx_word' id='word_1_297' title='bbox 739 4078 809 4141; x_wconf 84' lang='lat' dir='ltr'>Fuit</span> <span class='ocrx_word' id='word_1_298' title='bbox 841 4099 938 4163; x_wconf 91' lang='lat' dir='ltr'>quum</span> <span class='ocrx_word' id='word_1_299' title='bbox 972 4089 1131 4162; x_wconf 90' lang='lat' dir='ltr'>putarem,</span> <span class='ocrx_word' id='word_1_300' title='bbox 1167 4079 1317 4164; x_wconf 91' lang='lat' dir='ltr'>populum</span> 
     </span>
    </p>
   </div>
   <div class='ocr_carea' id='block_1_5' title="bbox 162 4370 1314 4647">
    <p class='ocr_par' dir='ltr' id='par_1_5' title="bbox 162 4370 1314 4647">
     <span class='ocr_line' id='line_1_33' title="bbox 204 4370 1314 4446; baseline -0.003 -18"><span class='ocrx_word' id='word_1_301' title='bbox 204 4375 242 4444; x_wconf 87' lang='lat'>(1)</span> <span class='ocrx_word' id='word_1_302' title='bbox 261 4371 349 4426; x_wconf 83' lang='lat' dir='ltr'>Verba</span> <span class='ocrx_word' id='word_1_303' title='bbox 366 4370 421 4426; x_wconf 87' lang='lat' dir='ltr'>eius</span> <span class='ocrx_word' id='word_1_304' title='bbox 437 4372 539 4444; x_wconf 77' lang='lat' dir='ltr'>integra</span> <span class='ocrx_word' id='word_1_305' title='bbox 556 4392 696 4446; x_wconf 88' lang='lat' dir='ltr'>apponam:</span> <span class='ocrx_word' id='word_1_306' title='bbox 718 4407 730 4433; x_wconf 73' lang='lat' dir='ltr'>r</span> <span class='ocrx_word' id='word_1_307' title='bbox 737 4377 866 4446; x_wconf 78' lang='lat' dir='ltr'>Parcaque</span> <span class='ocrx_word' id='word_1_308' title='bbox 884 4379 946 4429; x_wconf 79' lang='lat' dir='ltr'>celte</span> <span class='ocrx_word' id='word_1_309' title='bbox 966 4374 1090 4445; x_wconf 77' lang='lat' dir='ltr'>publioile&#39;</span> <span class='ocrx_word' id='word_1_310' title='bbox 1109 4376 1162 4443; x_wconf 81' lang='lat' dir='ltr'>(dea</span> <span class='ocrx_word' id='word_1_311' title='bbox 1174 4372 1314 4440; x_wconf 78' lang='lat' dir='ltr'>Annalerl)</span> 
     </span>
     <span class='ocr_line' id='line_1_34' title="bbox 162 4471 877 4545; baseline 0.006 -19"><span class='ocrx_word' id='word_1_312' title='bbox 162 4471 250 4541; x_wconf 76' lang='lat' dir='ltr'>pasae&#39;e</span> <span class='ocrx_word' id='word_1_313' title='bbox 266 4492 296 4527; x_wconf 80' lang='lat' dir='ltr'>ea</span> <span class='ocrx_word' id='word_1_314' title='bbox 313 4473 347 4526; x_wconf 69' lang='lat' dir='ltr'>tar·</span> <span class='ocrx_word' id='word_1_315' title='bbox 365 4471 450 4543; x_wconf 61' lang='lat' dir='ltr'>deplet</span> <span class='ocrx_word' id='word_1_316' title='bbox 468 4493 520 4528; x_wconf 71' lang='lat' dir='ltr'>aue</span> <span class='ocrx_word' id='word_1_317' title='bbox 535 4475 647 4545; x_wconf 79' lang='lat' dir='ltr'>pontises</span> <span class='ocrx_word' id='word_1_318' title='bbox 665 4478 708 4545; x_wconf 82' lang='lat' dir='ltr'>qui</span> <span class='ocrx_word' id='word_1_319' title='bbox 726 4477 848 4530; x_wconf 70' lang='lat' dir='ltr'>solverent</span> <span class='ocrx_word' id='word_1_320' title='bbox 855 4499 877 4530; x_wconf 74' lang='lat' dir='ltr'>u.</span> 
     </span>
     <span class='ocr_line' id='line_1_35' title="bbox 200 4570 1310 4647; baseline 0.005 -23"><span class='ocrx_word' id='word_1_321' title='bbox 200 4570 237 4640; x_wconf 68' lang='lat'>(2)</span> <span class='ocrx_word' id='word_1_322' title='bbox 255 4570 356 4643; x_wconf 86' lang='lat' dir='ltr'>Operae</span> <span class='ocrx_word' id='word_1_323' title='bbox 372 4570 484 4644; x_wconf 85' lang='lat' dir='ltr'>prelium</span> <span class='ocrx_word' id='word_1_324' title='bbox 501 4577 540 4628; x_wconf 79' lang='lat' dir='ltr'>est</span> <span class='ocrx_word' id='word_1_325' title='bbox 558 4573 707 4640; x_wconf 83' lang='lat' dir='ltr'>attendere,</span> <span class='ocrx_word' id='word_1_326' title='bbox 726 4591 793 4644; x_wconf 86' lang='lat' dir='ltr'>quae</span> <span class='ocrx_word' id='word_1_327' title='bbox 808 4592 823 4627; x_wconf 93' lang='lat' dir='ltr'>a</span> <span class='ocrx_word' id='word_1_328' title='bbox 841 4573 870 4628; x_wconf 90' lang='lat' dir='ltr'>P.</span> <span class='ocrx_word' id='word_1_329' title='bbox 887 4573 1036 4645; x_wconf 84' lang='lat' dir='ltr'>Sempronio</span> <span class='ocrx_word' id='word_1_330' title='bbox 1053 4572 1186 4628; x_wconf 87' lang='lat' dir='ltr'>Asellione</span> <span class='ocrx_word' id='word_1_331' title='bbox 1194 4574 1310 4647; x_wconf 90' lang='lat' dir='ltr'>deprom-</span> 
     </span>
    </p>
   </div>
   <div class='ocr_carea' id='block_1_6' title="bbox 0 0 1580 5275">
    <p class='ocr_par' dir='ltr' id='par_1_6' title="bbox 0 0 1580 5275">
     <span class='ocr_line' id='line_1_36' title="bbox 0 0 1580 5275; baseline 0 2"><span class='ocrx_word' id='word_1_332' title='bbox 0 0 1580 5275; x_wconf 95' lang='lat' dir='ltr'> </span> 
     </span>
    </p>
   </div>
  </div>
 </body>
</html>
