3150 5275
767 464 808 528 57

207 672 260 735 Sic
280 680 386 735 auctor
416 669 500 733 nobis
521 666 623 731 Livius
644 676 706 743 est,
728 664 785 731 111.
810 667 860 729 bb.
887 664 943 743 15,
966 686 994 727 a.
1017 663 1053 727 U.
1077 665 1139 727 505
1158 665 1191 729 L.
1217 665 1356 746 Valerio,

208 787 247 851 ll.
276 784 399 848 Horatio
427 782 624 860 Consulibus,
665 781 836 845 institutum
859 802 921 845 esse
950 788 1013 843 «ut
1036 779 1300 845 Senatusoonsutra
1323 782 1355 845 in

208 898 315 963 aedem
336 898 450 964 Cereris
472 896 511 960 ad
532 895 654 960 Aediles
676 894 777 958 Plebis
796 893 1003 971 deferrentur,
1023 916 1103 980 quae
1124 906 1213 959 antea
1236 895 1358 960 arbitrio

208 1012 373 1078 Consulum
409 1010 680 1095 supprimebantur
715 1007 1003 1094 vitiabanturque».
1042 1009 1093 1073 Sic
1123 1008 1261 1073 dissimili
1289 1012 1359 1097 qui·

210 1126 280 1190 dem
308 1126 440 1203 ratione,
472 1125 523 1189 sed
550 1125 590 1189 ob
619 1146 742 1189 causam
770 1123 956 1187 simillimam
976 1125 1111 1209 evulgati
1134 1124 1232 1203 Fasti,
1259 1147 1356 1211 quum

210 1239 293 1302 Livio
319 1249 392 1303 teste
422 1239 489 1325 plus
513 1241 575 1302 140
596 1238 681 1302 annis
703 1248 773 1302 ante
795 1237 959 1303 Canuleius
988 1237 1027 1301 de
1055 1240 1214 1323 praecluso
1243 1237 1283 1302 ad
1312 1260 1370 1304 eos·

209 1353 293 1418 aditu
323 1355 424 1439 palam
452 1353 557 1416 luisset
589 1361 725 1439 questus.
756 1350 817 1416 Sed
851 1350 934 1439 quod
976 1353 1111 1438 proxime
1152 1352 1283 1438 pertinet
1322 1351 1360 1415 ad

208 1468 416 1556 quaestionem
449 1478 601 1543 nostram,
636 1466 691 1531 ubi
714 1465 847 1531 eundem
869 1466 1041 1531 Tribunum
1073 1464 1182 1531 eadem
1211 1478 1358 1553 opportu-

208 1584 301 1646 nitate
323 1592 502 1668 querentem
524 1582 676 1668 legimns,
700 1580 783 1668 qnod
805 1584 930 1647 omnino
952 1581 990 1647 ad
1020 1583 1253 1646 commentarios
1279 1583 1359 1647 Pon·

210 1696 328 1760 tificum
350 1696 440 1761 Plebs
461 1717 522 1761 non
544 1695 742 1774 admittatur,
767 1719 868 1763 nonne
892 1700 970 1762 ultro
988 1696 1062 1760 hinc
1085 1698 1245 1784 sequitur,
1268 1720 1296 1763 a.
1320 1699 1359 1763 ll.

214 1812 418 1875 subiturum
449 1810 567 1874 tabulas
591 1809 726 1875 nondum
756 1822 878 1897 coeptas
901 1832 963 1874 esse
987 1810 1139 1896 proponi?
1165 1812 1363 1899 Quamquam

212 1924 287 1989 mibi
308 1922 434 2011 quidem
453 1959 495 1972 --
514 1923 632 1987 fatebor
652 1926 735 1989 enim
758 1962 801 1974 -
819 1924 900 1988 hanc
919 1923 1058 1990 Canuleii
1069 1902 1235 1990 orationem
1248 1926 1362 2012 legenti

212 2064 272 2106 non
301 2042 384 2105 omni
410 2040 505 2104 dnbio
535 2061 641 2104 vacare
667 2038 807 2116 videtur,
843 2062 918 2103 num
947 2040 1022 2104 torte
1051 2040 1173 2118 Livius,
1200 2062 1298 2126 quum
1321 2039 1361 2104 ad

210 2156 292 2220 illius
323 2165 458 2239 tempora
484 2153 627 2229 referret,
655 2175 734 2240 quae
761 2155 858 2217 multo
890 2153 1016 2219 demum
1051 2166 1116 2240 post
1138 2166 1252 2219 tentata
1272 2168 1361 2232 sunt,

212 2282 360 2334 oratorem
380 2269 476 2357 magis
495 2290 589 2355 quam
610 2267 803 2339 historiarum
827 2270 1004 2355 scriptorem
1025 2272 1131 2357 egerit.
1155 2272 1269 2359 Utique
1295 2283 1359 2351 est,

213 2384 296 2472 quod
326 2404 386 2447 non
419 2381 548 2447 defuisse
581 2382 804 2461 existimemus,
833 2384 888 2469 qui
922 2395 988 2469 post
1019 2384 1201 2449 Canuleium
1230 2386 1360 2449 Tribuni

215 2497 344 2563 eandem
366 2519 430 2562 rem
453 2498 540 2563 toties
564 2508 594 2561 et
614 2508 752 2583 peterent
765 2508 795 2561 et
805 2509 987 2583 repeterent,
1001 2499 1098 2564 donec
1114 2498 1236 2565 tandem
1250 2501 1362 2581 Patres,

214 2614 344 2699 impetui
364 2612 480 2678 diutius
499 2611 681 2677 declinando
705 2613 857 2698 impares,
876 2637 972 2704 quum
996 2637 1054 2681 nec
1070 2626 1185 2681 temere
1195 2617 1307 2682 vellent
1317 2640 1367 2681 re·

215 2730 334 2806 sistere,
358 2749 416 2793 nec
438 2727 548 2792 cedere
567 2729 691 2791 omnino
719 2751 791 2792 suae
821 2752 884 2793 esse
914 2730 1094 2814 prudentiae
1124 2730 1291 2811 ducerent,
1323 2755 1362 2797 ne

215 2845 425 2908 commentarii
456 2847 610 2936 paterent,
640 2844 812 2908 invenirent
838 2845 966 2911 tabulas.
996 2847 1083 2912 Certe
1105 2850 1188 2912 eninr
1210 2851 1364 2936 rogatione

214 2960 366 3023 tuentium
399 2961 466 3022 iura
505 2957 607 3023 Plebis
638 2957 845 3021 Tribunorum
873 2963 1036 3044 propositas
1066 2986 1147 3043 esse,
1186 2966 1227 3029 ita
1260 2978 1364 3031 monet

214 3074 306 3135 etiam
328 3093 407 3159 quae
436 3071 574 3137 Ciceroni
597 3081 742 3158 tanquam
768 3073 881 3137 excidit
903 3075 1032 3140 formula
1058 3091 1213 3166 «potestas
1234 3093 1268 3145 ut
1286 3095 1362 3146 esset

133 3193 137 3206 ’
214 3187 329 3272 populo
358 3184 611 3271 cognoscendi»,
642 3201 675 3253 ut
703 3213 739 3255 ex
773 3191 853 3254 lacto
883 3189 940 3255 hae
967 3191 1007 3257 de
1038 3217 1069 3259 re
1097 3197 1364 3260 senatusconsulto

213 3322 310 3384 paene
353 3299 533 3387 deprompta
573 3325 653 3368 esse
685 3304 830 3371 videatur.
870 3303 918 3392 (1)
960 3305 1015 3372 Cui
1056 3308 1180 3394 quidem
1222 3306 1360 3395 potestati

250 3612 290 3681 (1)
308 3609 472 3666 Gerlachium
488 3611 565 3667 video
579 3611 607 3667 in
624 3611 676 3667 alia
691 3612 779 3668 omnia
796 3613 905 3680 abiisse,
921 3630 975 3669 ron
990 3614 1042 3669 den
1058 3613 1144 3684 Qnell
1160 3618 1210 3671 ete.
1229 3635 1255 3688 p.
1266 3616 1364 3672 atton
1473 3642 1477 3649 ·

212 3713 285 3765 muto
310 3712 399 3765 tamen
425 3707 598 3779 sententiam,
625 3710 670 3766 sed
694 3710 755 3766 nolo
781 3710 939 3784 supprimere
965 3714 1046 3769 verba
1073 3713 1217 3770 Gerlachii:
1247 3714 1364 3773 sWeder

214 3810 327 3866 Cicero's
348 3811 415 3866 noch
436 3810 542 3866 Servius
565 3811 795 3867 Ausdrncksweise
819 3811 855 3866 ist
871 3830 938 3883 ganz
954 3831 1053 3882 genno,
1070 3813 1127 3868 weil
1146 3813 1245 3868 Keiner
1261 3813 1304 3869 bei
1320 3813 1366 3869 der

213 3907 380 3980 Erwtthnung
394 3909 465 3964 einer
479 3909 617 3980 allgemein
633 3909 782 3965 bekannten
797 3910 865 3965 Sitte
881 3909 923 3965 die
938 3910 1034 3966 Worte
1050 3928 1083 3965 zu
1103 3912 1194 3980 wigen
1211 3909 1254 3965 fiir
1270 3909 1364 3982 nbthig

214 4006 313 4066 bieltn.
338 4008 412 4078 Quae
434 4009 462 4064 in
486 4009 654 4065 annotatione
680 4008 716 4064 sic
745 4008 925 4081 persequitur:
953 4007 1062 4066 tDaher
1086 4006 1159 4062 halte
1180 4007 1224 4063 ich
1241 4007 1308 4063 auch
1325 4007 1369 4061 liu

214 4104 368 4178 iiberlliissig
385 4127 418 4162 zu
434 4107 538 4180 fragon,
557 4107 590 4163 ob
609 4107 700 4164 Cicero
716 4108 759 4163 bei
776 4107 827 4163 den
842 4107 968 4162 Worten:
989 4108 1128 4178 apotestes
1144 4109 1177 4161 nt
1193 4108 1263 4160 esset
1270 4105 1368 4178 populo

211 4206 404 4277 cognoscendis
422 4227 456 4263 an
473 4209 515 4264 die
533 4207 661 4263 Patricier
678 4205 799 4279 gedacht.
817 4205 896 4260 Denn
912 4224 989 4260 wenn
1005 4204 1074 4286 diess
1092 4204 1173 4260 sehon
1193 4204 1236 4258 fur
1254 4202 1296 4258 die
1313 4203 1367 4257 lr'u-

213 4305 306 4359 hesten
322 4303 412 4360 Zeiten
428 4306 488 4360 sehr
508 4304 719 4362 wahrscheiulicb
739 4304 802 4360 oder
821 4303 945 4360 vielmehr
961 4302 1041 4358 nllein
1057 4302 1171 4375 miglioh
1186 4301 1237 4369 ist,
1256 4320 1285 4357 so
1301 4301 1367 4372 liegt

213 4402 270 4458 eine
293 4402 379 4458 solche
404 4422 504 4476 gerrone
529 4403 760 4476 Unterscheidung
785 4404 831 4459 der
854 4402 1056 4458 verschiedenen
1074 4400 1164 4456 Zeiten
1181 4418 1229 4471 gar
1245 4399 1319 4455 nicht
1335 4399 1364 4454 in

214 4501 259 4556 der
276 4502 519 4572 Ausdrucksweise3
543 4503 597 4560 und
613 4503 685 4558 kann
702 4501 781 4558 daher
798 4500 948 4573 unmbglich
964 4501 1059 4557 dorsus
1077 4498 1134 4556 eine
1151 4498 1301 4572 Folgerung
1319 4516 1370 4570 ge·-

216 4617 296 4672 zogen
311 4599 415 4656 werden
427 4625 448 4657 u.
