3150 5275
753 478 790 537 tt

188 672 299 749 facias,
328 673 353 734 si
374 670 455 756 apud
479 672 598 735 Livium
620 676 833 740 commentarii
855 672 1041 758 Pontificum
1067 675 1123 737 tibi
1142 686 1212 739 sunt
1236 699 1290 762 pro
1304 677 1345 740 ti·

188 789 253 853 tulo
280 785 453 852 librorum?
483 786 688 851 Statuendum
719 800 783 866 est,
814 791 847 854 in
876 790 1014 855 Canuleii
1041 792 1177 854 oratione
1210 792 1253 855 ita
1283 790 1345 857 dici

190 899 286 971 libros
304 899 495 985 pontificios,
528 902 560 964 in
601 903 771 968 testimonio
800 902 838 967 de
869 906 1092 983 monumentis,
1117 929 1198 993 qnae
1222 909 1346 972 interie-

189 1025 278 1092 runt,
313 1014 437 1079 schedas
469 1016 507 1078 ad
541 1015 697 1081 historiam
732 1020 930 1101 pertinentes.
970 1020 1060 1100 Quod
1099 1020 1176 1086 mibi
1220 1023 1347 1110 quidem

187 1127 348 1192 absurdius
369 1150 432 1192 esse
455 1128 583 1193 videtur.
607 1131 696 1194 Salva
714 1152 760 1193 res
784 1143 844 1208 est,
868 1134 892 1194 si
918 1124 1009 1198 usum
1032 1137 1164 1199 nominis
1186 1138 1346 1202 Liuianum

188 1254 291 1328 patere
304 1245 394 1307 latius
405 1242 559 1322 dicamus,
582 1267 617 1307 ea
641 1257 742 1308 tamen
763 1245 849 1331 lege,
873 1268 968 1333 quam
989 1272 1080 1336 supra
1102 1252 1218 1336 scripsi.

228 1358 337 1444 Itaque
349 1358 513 1423 Canuleius
527 1381 626 1445 quum
638 1360 804 1445 praecipue
816 1362 957 1445 respiciat
968 1362 1006 1426 ad
1020 1364 1115 1428 libros
1136 1364 1343 1450 Pontificum,

188 1484 253 1537 tum
282 1474 422 1559 queritur
448 1475 593 1551 omnino,
613 1475 696 1561 quod
716 1486 845 1561 negetur
874 1477 961 1541 Plebi
990 1472 1089 1543 aditus
1115 1479 1153 1543 ad
1176 1502 1211 1542 ea
1234 1502 1346 1543 monu-

187 1598 307 1663 menta,
329 1610 462 1674 quorum
484 1601 571 1653 erant
592 1589 753 1653 Pontifices
775 1588 932 1669 custodes,
951 1593 1062 1677 partim
1080 1594 1175 1656 etiarn
1194 1603 1344 1669 auctores,

188 1701 226 1765 ad
247 1700 440 1767 reconditum
458 1701 550 1767 huius
569 1704 691 1789 collegii
711 1703 918 1782 tabularium,
939 1709 1029 1770 cuius
1051 1717 1170 1791 praeter
1186 1706 1345 1770 alialuero

187 1815 241 1902 qui
264 1826 366 1901 postea
385 1816 417 1879 in
437 1818 567 1881 lormam
586 1818 734 1881 librorum
755 1817 870 1882 redacti
890 1831 1036 1883 vocantur
1054 1820 1183 1883 canales
1202 1820 1345 1897 maximi,

186 1929 399 1996 commentarii
426 1928 630 2016 Pontificum,
664 1930 738 1994 libri
765 1932 935 2018 pontificii,
966 1946 1001 1999 ut
1029 1935 1165 2020 evulgati
1193 1958 1211 1997 a
1244 1935 1345 1998 Flavio

187 2044 285 2111 Fasti.
315 2046 356 2111 tt
381 2044 518 2124 tabulas,
547 2045 585 2108 ad
614 2067 690 2133 quas
711 2045 835 2130 patebat
855 2048 971 2132 populo
992 2046 1110 2120 aditus,
1141 2048 1225 2133 ligno
1247 2048 1342 2111 lactas

189 2172 281 2248 atque
302 2172 407 2225 exacto
429 2181 552 2248 quoque
572 2181 652 2223 anno
674 2161 855 2246 propositos,
876 2182 934 2225 nec
950 2171 1017 2225 turn
1037 2160 1167 2226 adfuisse
1187 2162 1344 2247 probabile

188 2287 251 2353 est,
281 2296 358 2349 noc,
390 2285 551 2361 postquam
580 2274 709 2359 proponi
741 2286 927 2359 coeperunt,
958 2288 1087 2340 serratas
1120 2298 1184 2340 esse
1216 2287 1344 2341 constat.

190 2393 255 2456 Hoc
283 2392 378 2477 igitur
403 2392 521 2477 siquis
550 2409 704 2466 onururm,
735 2390 814 2453 illud
842 2400 1000 2454 oeternum
1029 2392 1215 2456 tabularium
1242 2392 1344 2469 dicat,

186 2528 241 2592 per
270 2528 321 2570 me
353 2506 443 2585 licet,
485 2502 576 2568 modo
607 2504 746 2568 desinant
778 2504 944 2590 aliquando
973 2526 1046 2569 curn
1076 2504 1241 2568 ooaolibus
1271 2506 1344 2591 ipsis

186 2621 287 2709 lignea
311 2623 363 2686 illa
384 2630 585 2686 monumenta
604 2618 763 2684 conlundi.
785 2620 828 2683 Ea
850 2642 920 2684 meo
940 2618 1068 2706 quidem
1088 2619 1204 2684 iudicio
1223 2643 1285 2684 una
1305 2643 1342 2685 ac

184 2748 267 2802 certa
287 2739 334 2801 via
354 2748 416 2816 est,
440 2758 501 2822 qua
522 2735 701 2799 testimoniis
723 2745 878 2812 veterum,
899 2756 980 2821 quae
1000 2733 1117 2798 diversa
1128 2744 1182 2798 aut
1192 2736 1344 2799 contraria

185 2851 367 2930 videantur,
392 2852 565 2938 compositis
586 2850 625 2914 ad
646 2871 751 2914 rerum
766 2851 917 2935 perveniri
929 2863 1031 2937 queat.
1055 2852 1116 2915 Sed
1133 2850 1173 2915 ad
1193 2852 1254 2915 alia
1275 2874 1344 2938 pro·

184 2987 341 3051 peremus:
367 2987 439 3030 narn
460 2967 546 3050 plura
569 2974 767 3029 monumenta
791 2965 887 3028 solent
909 2987 982 3029 cum
1005 2964 1154 3029 maximis
1176 2965 1342 3030 curulibus

186 3079 333 3144 conlundi
354 3092 446 3167 atque
467 3081 505 3144 ad
529 3081 582 3145 hos
603 3082 706 3167 plnres
727 3081 787 3145 loci
808 3082 883 3144 falso
905 3081 1020 3145 referri.

228 3195 377 3260 Omnium
406 3197 541 3282 primum
569 3197 738 3280 proferam,
770 3195 852 3282 quod
883 3195 974 3259 tradit
1003 3195 1163 3280 Dionysius
1187 3194 1339 3258 Halicarn.

182 3311 219 3376 A.
242 3313 280 3375 R.
303 3312 328 3376 Ι.
352 3313 411 3374 75:
434 3304 582 3384 Παλαιὸς
603 3307 661 3393 μὲν
674 3299 815 3375 odacrius
827 3305 1035 3397 ooyypurpsric
1047 3301 1121 3373 oilae
1137 3299 1345 3395 loyoypoiqtoc

181 3426 250 3492 ἐστὶ
271 3416 442 3509 Ῥωμαίων
471 3417 547 3490 οὐδὲ
575 3417 637 3499 εἷς·
666 3422 700 3489 ἐκ
720 3423 867 3489 παλαιῶν
887 3422 997 3505 μέντοι
1023 3414 1126 3507 λόγων
1154 3417 1187 3487 ἐν
1210 3421 1343 3508 ἱεραῖς

183 3540 335 3616 δέλτοις
353 3539 544 3625 σωζομένων
554 3530 688 3613 ἕκαστός
700 3561 750 3611 τις
763 3530 964 3625 παραλαβών
973 3528 1165 3625 ἆνὲγραψεν.
1190 3538 1252 3604 visi
1272 3548 1343 3602 sunt

183 3655 243 3722 hoc
255 3658 322 3720 loco
332 3653 450 3739 publici
460 3654 588 3719 ouooles
599 3654 762 3740 designari,
775 3664 842 3715 tum
853 3651 930 3727 aliis,
947 3660 1013 3713 turn
1024 3649 1151 3727 clerico,
1164 3652 1219 3736 qui
1233 3674 1262 3734 p.
1280 3653 1340 3714 105

181 3768 273 3863 ἱερᾶς
291 3771 423 3847 δέλτους
437 3770 557 3836 tubulos
580 3790 700 3846 socrus,
721 3790 752 3853 p.
777 3765 911 3831 atthas
932 3766 1104 3830 testimonio
1115 3765 1147 3828 in
1168 3766 1339 3850 fragmenta

183 3900 304 3973 recepto
325 3906 429 3952 sacros
452 3885 582 3950 labellos
592 3886 689 3949 vertit.
712 3881 868 3946 Beckerus
890 3890 995 3944 autem
1010 3878 1043 3965 (l.
1055 3879 1075 3943 l.
1089 3879 1113 3942 Ι.
1126 3900 1156 3963 p.
1172 3882 1273 3942 baon.
1294 3878 1337 3966 l),

181 4024 259 4089 quae
268 4011 464 4065 monumenta
473 3999 680 4085 designentur,
688 3998 843 4060 incertum
853 4017 917 4060 esse
927 3995 1041 4058 statuit.
1054 3994 1091 4057 Et
1098 4015 1178 4069 vero,
1190 3994 1220 4056 in
1233 3993 1338 4077 primis

180 4117 213 4180 in
239 4117 395 4203 Dionysio,
417 4115 500 4201 quod
520 4133 592 4178 mox
611 4112 725 4176 affatim
745 4110 924 4197 apparebit,
941 4109 1018 4172 certi
1037 4107 1113 4194 quid
1133 4131 1169 4171 ex
1189 4104 1337 4171 eiusmodi

182 4231 277 4294 titulis
308 4240 370 4293 tam
398 4227 523 4294 difficile
551 4230 686 4303 eruitur,
719 4237 754 4289 ut
782 4223 936 4289 interdurn
958 4222 1056 4307 magis
1084 4222 1156 4308 quid
1187 4221 1336 4296 noluerit,

181 4366 274 4431 quam
304 4343 380 4430 quid
410 4345 536 4408 voluerit
562 4342 684 4406 efficere
710 4341 812 4405 liceat.
837 4339 991 4421 Quocirca
1013 4357 1122 4420 parurn
1146 4335 1245 4418 placet
1267 4356 1339 4397 sen·

181 4461 275 4524 tentia
304 4457 501 4535 Bernhardii,
531 4457 666 4522 Grundr.
699 4455 728 4521 d.
758 4457 848 4520 Rom.
888 4455 958 4518 Litt.
979 4453 995 4515 1
1015 4474 1046 4535 p.
1080 4454 1140 4514 174
1171 4454 1242 4516 ann.
1278 4453 1336 4513 tat

187 4573 246 4662 (erl.
272 4577 320 4638 bar
344 4597 375 4661 p.
411 4571 503 4659 tat),
537 4574 592 4661 qui
622 4592 719 4659 quum
752 4569 930 4655 Dionysium
964 4577 1085 4632 censeat
1119 4588 1173 4649 per
1204 4588 1335 4631 errorem

1196 4683 1213 4731 2
