3150 5275
778 401 818 462 72

221 602 263 666 Il.
286 604 336 665 19.
360 601 380 664 3
405 600 541 685 scripsit:
573 598 634 662 «A.
659 598 832 662 Postumius
854 601 1005 677 Dictator,
1029 598 1065 665 Τ.
1075 598 1226 663 Aebutius
1238 593 1378 688 Magister

223 718 381 805 equitnm,
405 716 523 803 magnis
548 714 644 799 copiis
666 711 806 797 peditum
829 715 1031 801 equitumque
1051 716 1197 800 proiecti,
1220 715 1258 779 ad
1273 716 1375 780 lacum

223 831 379 917 Regillum
410 830 442 893 in
473 850 546 914 agro
575 828 748 891 Tusculano
776 830 893 915 agmini
915 828 1049 893 bostium
1075 840 1325 907 occurrerunt»,
1346 841 1376 893 et

224 943 334 1008 deinde
364 942 402 1007 de
431 942 489 1007 hoc
523 943 637 1027 proelio
665 944 802 1028 exposuit
825 954 971 1030 tanquam
989 945 1069 1009 facto
1090 967 1118 1011 a.
1138 946 1175 1011 U.
1198 944 1285 1022 255,
1306 966 1376 1008 mox

225 1057 378 1125 11.rt.3
405 1078 471 1143 sq.:
501 1057 592 1119 «Hoc
624 1053 749 1120 demum
772 1079 852 1121 anno
876 1059 985 1146 (258),
1017 1061 1138 1147 inquit,
1161 1059 1199 1124 ad
1220 1060 1378 1146 Regillum

223 1176 325 1239 lacum
360 1183 532 1258 pugnatum
560 1170 642 1257 apud
675 1171 821 1258 quosdam
850 1174 991 1253 invenio;
1013 1175 1049 1239 Α.
1072 1176 1283 1253 Postumium,
1303 1177 1376 1260 quia

224 1291 341 1375 collega
364 1287 476 1351 dubiae
499 1285 571 1352 fidoi
592 1286 703 1363 suerit,
737 1309 768 1349 se
801 1287 964 1354 Consulatu
982 1289 1157 1368 abdicasse;
1191 1289 1375 1352 Dictatorem

226 1403 297 1468 inde
327 1404 482 1467 lactum».
508 1400 593 1466 ldem
622 1401 808 1479 discrimen,
837 1414 872 1468 ut
890 1406 977 1490 quasi
998 1407 1181 1492 praeteriens
1197 1405 1256 1469 hoc
1277 1406 1377 1468 anim-

225 1516 400 1593 advertam,
433 1517 465 1579 in
500 1516 591 1580 Fastis
628 1516 827 1596 observatur,
870 1540 1002 1605 quorum
1036 1520 1199 1606 Capitolini
1224 1517 1263 1582 ad
1290 1518 1379 1580 illum

224 1653 339 1695 annum
365 1651 500 1716 pugnam
521 1631 676 1708 referunt,
700 1630 739 1695 ad
763 1630 848 1695 bunc
867 1632 1084 1720 triumphales,
1103 1646 1136 1698 ut
1157 1635 1318 1719 Dionysius
1338 1631 1375 1696 A.

224 1748 262 1812 R.
287 1747 339 1813 Vl.
361 1744 382 1809 2
404 1766 470 1831 sqq.
505 1745 619 1808 «Tanti
648 1767 762 1810 errores
798 1746 908 1834 (pergit
934 1748 1036 1813 dicere
1067 1748 1181 1835 Livius)
1216 1748 1376 1833 implicant

228 1873 426 1945 temporum,
460 1860 547 1921 aliter
567 1857 650 1944 apud
669 1861 742 1925 alios
757 1860 901 1926 ordinatis
920 1862 1166 1948 magistratibus,
1189 1873 1224 1925 ut
1245 1883 1302 1924 neo
1324 1860 1379 1947 qui

225 1974 368 2038 Consules
395 1974 563 2037 secundnm
585 1973 752 2060 quosdam,
777 1998 835 2039 nee
857 1975 932 2061 quid
953 1997 1077 2062 quoque
1099 1998 1179 2040 anno
1199 1986 1302 2039 actum
1324 1975 1378 2049 sit,

228 2090 362 2152 intanta
387 2100 532 2153 vetustate
555 2110 616 2152 non
636 2110 737 2153 rerurn
760 2090 872 2169 modo',
897 2090 949 2155 sed
966 2091 1059 2154 etiam
1070 2100 1230 2153 auctorum
1241 2088 1378 2175 digerere

229 2205 361 2290 possis».
379 2204 445 2267 lam
467 2226 537 2267 vero
555 2203 592 2266 ad
615 2226 691 2291 quos
710 2217 848 2270 auctores
867 2207 969 2269 Livius
991 2216 1121 2292 utroque
1140 2205 1208 2269 loco
1225 2206 1377 2291 respiciat,

227 2320 367 2382 universe
400 2318 568 2403 explorabis
589 2322 816 2407 nequicquam3
848 2320 898 2384 sed
920 2342 982 2407 qno
1003 2332 1127 2383 auctore
1147 2342 1174 2384 a.
1197 2322 1234 2385 U.
1258 2324 1321 2385 255
1341 2319 1378 2384 ad

231 2435 389 2520 Regillum
415 2434 596 2497 dimicatum
629 2436 800 2520 scripserit,
835 2438 1036 2523 pervestigare
1061 2436 1237 2525 relntiorte
1260 2446 1291 2499 et
1308 2456 1381 2499 casu

226 2552 309 2615 licet.
336 2551 475 2614 Testatur
501 2552 583 2613 enim
608 2551 767 2638 Dionysius
782 2552 803 2618 l.
816 2552 837 2617 l.
858 2551 918 2629 ll,
943 2552 997 2615 ubi
1019 2552 1211 2615 vulneratum
1234 2549 1308 2614 dicit
1329 2551 1380 2613 Ti-

226 2678 313 2743 tum,
344 2666 473 2730 alterum
509 2667 669 2752 Tarquinii
697 2669 791 2753 Regis
820 2667 941 2732 filium:
975 2665 1137 2742 Λικίννιος
1167 2664 1222 2733 καὶ
1249 2663 1282 2732 ολ
1301 2663 1380 2752 περὶ

223 2777 354 2848 Γέλλιον
384 2769 476 2845 οὐδὲν
504 2769 691 2866 ἐξητακότες
712 2772 786 2846 οὔτε
807 2782 869 2845 τῶν
889 2771 1020 2847 εἰκότων
1041 2769 1117 2846 or’iee
1136 2782 1199 2845 τῶν
1218 2779 1378 2858 δυνατῶν,

224 2883 319 2958 αὐτόν
340 2881 506 2978 εἰσάγουσι
526 2884 582 2958 τόν
607 2891 744 2976 βασιλέα
769 2884 943 2984 Ταρκύνιον
962 2885 1192 2982 όνωνιζόμενον
1208 2885 1379 2984 ἐφ’ῗνινιου

227 3003 282 3070 καὶ
306 2997 575 3094 τιτρωσκόμενον,
608 2997 711 3096 ἄνδρα
740 2999 921 3098 ἐνενήκοντα
941 3002 1027 3076 ἔτεσι
1056 3001 1275 3099 προσάγοντα.
1297 3012 1374 3092 Qui-

226 3123 357 3187 buscum
379 3123 501 3185 Liviana
525 3123 713 3200 conferenti,
737 3144 817 3209 quoe
842 3123 987 3209 leguntur
1008 3125 1049 3190 ll.
1077 3128 1165 3191 tue:
1191 3127 1252 3211 «In
1272 3127 1379 3190 Postu-

227 3241 323 3304 mium
348 3241 445 3324 prima
468 3241 500 3304 in
522 3240 588 3304 acie
606 3261 675 3304 suos
697 3237 1181 3327 adhortanteminstruentemque
1197 3242 1380 3329 Tarquinius

227 3354 404 3440 Superbus,
427 3377 615 3443 quamquam
638 3356 697 3419 iam
722 3365 820 3417 aetate
842 3365 872 3417 et
893 3354 1008 3418 viribus
1030 3366 1093 3418 erat
1108 3357 1243 3441 gravior,
1261 3377 1379 3442 equum

228 3471 354 3534 infestus
377 3469 517 3548 admisit,
540 3472 680 3555 ictusque
706 3467 746 3531 ab
767 3469 878 3546 latere,
907 3489 1058 3532 concursu
1086 3491 1210 3533 suorum
1241 3482 1381 3556 receptus

229 3585 260 3646 in
285 3595 385 3647 toturn
406 3595 498 3658 est»,
525 3619 567 3632 -—
588 3582 739 3670 numquid
752 3593 849 3667 potest
866 3581 952 3645 dubii
965 3605 1136 3668 superesse,
1157 3586 1232 3671 quin
1245 3586 1336 3649 etiam
1348 3587 1381 3648 in

227 3719 307 3761 anno
338 3720 460 3784 pugnae
494 3699 675 3784 Regillensis
707 3695 919 3762 constituendo
950 3697 1068 3774 Livius,
1102 3699 1190 3762 utin
1212 3698 1277 3762 aliis
1300 3698 1378 3761 bene

230 3813 348 3889 multis,
373 3811 553 3897 pependerit
576 3812 616 3876 ab
638 3813 818 3877 auctoritate
839 3812 932 3875 Macri
951 3813 1076 3889 licinii,
1100 3814 1166 3876 eius
1185 3814 1237 3876 cui
1255 3811 1382 3876 onooles

228 3928 374 3992 scribenti
385 3927 423 3991 ad
435 3951 543 3992 manus
565 3929 652 3992 fuere
673 3927 746 3990 libri
764 3924 851 3989 liutei
872 3936 903 3988 et
919 3927 1180 4011 moqistrotuom?
1196 3926 1251 4014 (Cf.
1269 3951 1300 4012 p.
1312 3927 1379 4014 θλ.)

228 4042 319 4125 Quod
343 4065 413 4109 vero
435 4045 589 4108 attendere
611 4063 695 4107 nnnc
719 4041 813 4137 magis
842 4042 950 4119 refert,
984 4043 1131 4125 scriptum
1154 4062 1217 4103 esse
1239 4039 1278 4104 de
1297 4052 1380 4105 tanta

227 4344 355 4416 suspicio,
377 4345 486 4402 ..forsan
502 4363 518 4399 a
534 4341 704 4399 Pontificibus
721 4343 845 4399 Maximis
862 4343 918 4398 eius
936 4340 1030 4398 aetolis
1047 4341 1116 4396 inber
1137 4345 1278 4415 perpeiuas
1293 4341 1378 4397 Parri-

226 4443 323 4500 oiorum
341 4464 399 4501 oum
416 4445 495 4501 Plebe
512 4444 691 4500 contentiones
709 4445 812 4498 annales
828 4443 856 4497 in
874 4442 970 4515 vulgus
987 4461 1040 4497 non
1057 4460 1112 4497 esse
1121 4441 1205 4496 editos
1213 4465 1236 4497 ν.
1255 4441 1377 4496 Celerum

226 4541 265 4598 off.
285 4538 350 4614 quae
368 4563 383 4598 a
401 4543 478 4598 Livio
494 4542 592 4598 iradiia
610 4543 660 4598 IV.
680 4543 703 4601 7.
727 4545 740 4598 1
757 4561 815 4614 sqq.
833 4543 884 4598 alio
901 4542 1008 4598 cdnsilio
1025 4541 1106 4597 ortuli
1123 4540 1187 4612 Gap.
1205 4541 1221 4596 Ι
1238 4559 1263 4611 p.
1283 4540 1325 4595 19.
