3150 5275
821 425 861 485 46

265 630 392 706 riretur,
428 625 515 689 editis
537 621 616 687 ludis
637 621 843 686 saecularibus
866 623 990 707 quartis.
1014 623 1113 690 Probe
1134 628 1218 692 enim
1229 629 1409 710 tenendum,

265 743 348 831 quod
374 742 546 806 Ernestium
577 760 638 803 non
667 738 762 824 fugit,
797 758 834 801 ex
865 736 1027 817 Cicerone,
1061 739 1119 805 bae
1150 744 1183 807 in
1213 766 1245 807 re
1277 747 1415 810 omnium

265 857 502 943 locupletissimo
528 864 602 917 teste
623 853 740 938 totique
762 852 1031 937 grammaticorum
1053 855 1160 920 turbae
1183 858 1273 944 longe
1297 859 1386 944 prael
1400 896 1414 907 ·

263 971 375 1050 rendo,
406 971 564 1035 manifesto
593 969 694 1054 sequi,
723 968 867 1053 abrogato
896 968 966 1031 albo
994 969 1145 1034 institutos
1180 994 1242 1036 esse
1269 973 1415 1052 obantes,

262 1089 343 1165 sive,
364 1098 399 1150 ut
419 1085 559 1149 disertius
581 1084 699 1162 dicam,
728 1086 834 1148 referri
860 1087 893 1148 in
914 1085 1006 1149 libros
1027 1087 1161 1171 coepisse
1184 1090 1417 1152 commentarios

263 1223 380 1265 annuos
409 1200 564 1265 Pontificis
593 1200 732 1277 Maximi,
760 1222 778 1262 a
801 1220 863 1285 quo
884 1211 1021 1285 tempore
1043 1221 1211 1286 proponere
1232 1200 1416 1288 idemquot·

263 1316 349 1379 annis
385 1314 522 1378 tabulam
543 1312 703 1379 desineret.
735 1314 800 1377 lam
824 1336 895 1378 vero
917 1315 983 1378 ludi
1007 1315 1052 1377 illi
1076 1336 1138 1401 quo
1158 1336 1238 1379 enno
1257 1317 1318 1378 aeti
1340 1317 1416 1395 sint,

263 1441 378 1493 veteres
416 1429 497 1514 ipsos
526 1429 656 1514 graviter
686 1429 766 1492 inter
799 1451 830 1491 se
860 1426 1018 1492 dissentire
1047 1439 1092 1491 sat
1124 1430 1206 1505 scio;
1246 1427 1297 1492 sed
1332 1440 1416 1492 tanto

264 1545 359 1630 magis
400 1544 607 1620 lucrabimur,
647 1543 670 1605 si
711 1554 878 1628 utrumque
917 1565 970 1628 per
1003 1565 1034 1605 se
1070 1544 1240 1620 incertum,
1286 1544 1417 1607 alterum

263 1660 385 1723 alterius
418 1660 531 1723 auxilio
562 1658 742 1723 firmabitur.
778 1659 956 1723 Notissimus
988 1670 1032 1722 est
1052 1656 1104 1721 hic
1127 1657 1284 1722 Censorini
1312 1658 1415 1734 locus,

263 1772 301 1836 de
340 1771 389 1835 die
428 1784 490 1837 not.
531 1773 641 1840 XVII:
679 1774 749 1837 «De
788 1786 967 1861 quartorum
1009 1773 1153 1857 ludorum
1192 1795 1273 1838 anno
1305 1774 1415 1859 triplex

263 1887 367 1971 opinio
398 1897 451 1953 est.
482 1887 587 1950 Antias
617 1889 700 1951 enim
730 1900 760 1952 et
788 1888 887 1957 Varro
907 1899 937 1953 et
957 1886 1057 1952 Livius
1079 1890 1186 1953 relatos
1219 1910 1283 1953 esse
1313 1888 1415 1975 prodi-

190 2012 197 2025 ·
263 2000 375 2064 derunt
411 1997 443 2064 L.
475 2000 587 2062 llaroio
615 1999 797 2079 Censorino,
829 2002 869 2065 Μ.
901 2001 1024 2066 llanilio
1056 2001 1158 2079 Coss,
1189 2013 1255 2088 post
1282 2004 1413 2067 Romam

262 2113 415 2180 conditam
446 2134 527 2178 anno
556 2114 644 2183 DCV.
678 2114 718 2177 At
750 2114 818 2179 Piso
847 2114 1007 2180 Censorius
1036 2126 1067 2177 et
1095 2114 1150 2180 Cn.
1186 2114 1325 2194 Gellius,
1360 2116 1412 2178 sed

264 2239 294 2293 et
323 2228 440 2294 Cassius
462 2229 609 2307 Hemina,
632 2230 687 2316 qui
708 2229 761 2292 illo
780 2240 917 2315 tempore
939 2230 1075 2307 vivebat,
1099 2241 1167 2315 post
1183 2251 1301 2294 annum
1321 2230 1416 2293 laetos

264 2344 390 2407 tertium
414 2342 592 2420 adfirmant,
622 2342 676 2408 Cn.
702 2343 840 2408 Cornelio
866 2343 1013 2420 Lentulo,
1040 2340 1072 2408 L.
1102 2343 1250 2407 Mummio
1278 2342 1414 2407 Achaico

262 2456 362 2533 Coss,
390 2454 422 2519 id
449 2467 512 2533 est,
541 2477 621 2519 enno
643 2456 778 2526 ltcvtll.
802 2459 838 2521 Iu
859 2456 1182 2539 Quindecimvirorum
1203 2468 1306 2521 autem
1328 2478 1413 2522 com-

263 2570 417 2635 mentariis
439 2581 583 2633 notantur
603 2570 661 2633 sub
677 2593 758 2635 anuo
781 2572 986 2650 DCXXVlIl,
1007 2573 1045 2637 tt.
1068 2570 1201 2638 Aemilio
1222 2572 1358 2658 Lepido,
1379 2572 1413 2637 L.

263 2687 388 2752 Aurelio
411 2685 516 2751 Oreste
538 2687 607 2753 Coss
615 2710 645 2752 o.
679 2687 739 2751 Ubi
773 2689 867 2774 igitur
888 2689 921 2751 in
943 2699 1042 2774 partes
1063 2673 1126 2752 tam
1147 2688 1278 2752 diversas
1300 2699 1415 2753 veteres

264 2805 422 2882 abierunt,
456 2805 541 2869 nobis
571 2803 695 2892 quidem
724 2803 757 2866 id
785 2803 891 2867 veniae
922 2802 1059 2881 dabitur,
1092 2815 1127 2867 ut
1157 2827 1207 2868 eos
1235 2825 1414 2891 sequamur,

264 2918 376 3007 quibus
398 2942 434 2983 ex
448 2920 565 3004 publici
587 2920 722 2982 muneris
744 2917 891 3005 dignitate
914 2919 1010 2982 maior
1031 2920 1062 2982 in
1086 2917 1133 2982 bis
1145 2919 1236 2983 rebus
1255 2920 1417 2982 auctoritas

263 3033 401 3121 fidesque
441 3032 583 3098 habenda
624 3032 778 3112 rideatur,
819 3033 1104 3115 Quindecimviros3
1138 3032 1219 3119 quod
1249 3033 1416 3118 collegium
1483 3097 1486 3099 ,

265 3161 378 3236 quanta
408 3171 474 3234 pars
503 3150 595 3212 fuerit
623 3149 706 3212 illius
738 3148 907 3233 «temporis
934 3147 1056 3220 sacri»,
1079 3147 1132 3234 ‘vel
1154 3169 1191 3210 ex
1213 3146 1329 3209 Horatii
1350 3165 1417 3209 eor-

188 3247 191 3252 *
264 3263 347 3326 mino
375 3261 527 3326 soeculari
552 3265 744 3348 perspicitur.
774 3262 838 3327 Aut
859 3263 982 3326 omnino
1006 3260 1166 3326 reiiciendi
1187 3241 1257 3324 sunt
1284 3259 1416 3337 Quinde-

265 3379 463 3444 cimoirorom
494 3377 725 3456 commentarii,
759 3387 906 3464 tanquam
935 3377 1042 3442 ficticii
1074 3377 1123 3441 rel
1152 3375 1329 3461 depravati,
1362 3386 1417 3439 aut

266 3494 457 3581 probandum
484 3504 548 3571 est,
579 3492 661 3579 quod
685 3493 814 3579 petitum
837 3514 875 3555 ex
896 3493 1012 3556 scriniis
1033 3492 1281 3555 Decemvirorum
1302 3488 1342 3553 de
1363 3490 1419 3552 tali

265 3621 347 3673 certe
377 3631 408 3671 re
437 3609 470 3670 in
502 3607 664 3692 publicum
693 3607 739 3671 illi
768 3605 930 3673 dederunt.
971 3604 1118 3684 Accedit,
1160 3617 1195 3669 ut
1236 3627 1321 3669 suam
1359 3604 1418 3689 ipsi

266 3722 357 3787 fidem
385 3723 428 3810 (id
450 3720 533 3810 quod
555 3724 640 3786 nulla
662 3723 777 3786 ratione
800 3719 1014 3785 Lachmannus
1039 3719 1084 3808 (1)
1109 3717 1242 3806 negarit)
1267 3739 1304 3782 eo
1324 3719 1417 3782 etiam

301 3979 340 4050 (1)
358 3975 403 4033 l.l.
422 3977 439 4032 I
455 3995 482 4050 p.
499 3977 546 4044 28,
562 3974 609 4030 nbi
626 3972 774 4042 contendit,
795 3971 995 4051 descriptionem
1010 3969 1193 4043 tempornmin
1207 3957 1413 4041 Qnindeeimoiro·
1503 3994 1505 4000 ·
1566 3968 1567 3971 ’

263 4097 317 4134 rum
335 4077 511 4132 commentariis
527 4092 584 4129 sero
610 4073 708 4128 laetam
728 4089 785 4127 esse
803 4050 945 4131 seeundum
960 4088 1047 4126 aeram
1062 4068 1269 4138 Varronianam,
1287 4073 1316 4125 et
1335 4087 1417 4126 annos

214 4186 223 4214 t
265 4174 429 4242 exhibuisse,
447 4172 542 4246 quibus
558 4172 615 4228 fieri
630 4171 687 4226 ludi
704 4169 869 4239 debuissent,
885 4188 939 4245 non
954 4175 1043 4226 tamen
1060 4170 1125 4226 lacti
1141 4174 1236 4226 essent.
1262 4170 1339 4240 Quod
1354 4169 1418 4225 mihi

264 4272 343 4344 longe
367 4289 441 4328 secus
466 4271 579 4327 videtin.
605 4271 647 4326 Ex
672 4270 752 4326 titulo
780 4287 842 4324 sone
860 4267 982 4324 coniicias
997 4267 1118 4339 quidem,
1135 4287 1189 4324 non
1206 4268 1344 4340 evulgatos
1360 4286 1416 4323 esse

264 4372 312 4426 hos
337 4372 517 4426 commentarios
542 4373 604 4424 ante
629 4368 741 4436 Sullam,
768 4367 865 4440 quippe
891 4366 937 4440 qui
953 4366 1168 4422 Decemviromm
1183 4366 1322 4438 collegium
1330 4365 1417 4438 quinis

265 4468 442 4532 sacerdotibus
469 4467 585 4536 auxerit3
608 4467 653 4523 sed
678 4466 777 4522 frustra
799 4484 908 4537 quaero,
934 4456 989 4537 ¹qno
1007 4468 1113 4521 anctore
1130 4465 1297 4521 confirmetur
1313 4464 1414 4536 opinio,

264 4570 369 4641 praeter
390 4568 518 4624 usitatum
545 4584 642 4622 morem
666 4565 829 4620 adscribendi
852 4564 996 4620 Consulum
1027 4564 1187 4636 aliorumque
1215 4563 1415 4634 magistratuum
