3150 5275
761 478 803 540 35

204 688 297 775 digna
314 696 420 751 notatu
442 684 535 748 literis
556 682 682 745 luissent
702 680 895 765 consignata,
919 697 955 739 ea
967 677 1354 743 exactoannointabulam

203 803 297 868 relata
313 808 567 886 ¹proponerentur
597 794 728 881 populo,
761 802 796 855 ut
825 812 907 877 qnae
936 788 1060 875 publice
1082 802 1165 877 gesta
1186 802 1284 857 essent
1306 794 1356 858 rel

202 920 387 991 evenissent,
411 912 536 1000 publice
558 919 677 996 possent
698 907 851 993 cognosci.
874 906 945 988 Quo
962 904 1086 970 tandem
1106 928 1188 970 more
1209 907 1354 993 abrogato

101 1093 104 1097 .
201 1034 339 1099 exstitere
361 1029 487 1094 demum
508 1029 541 1092 in
561 1027 689 1090 formam
711 1022 859 1085 librorum
881 1018 994 1084 reducti
1014 1023 1225 1086 commentarii
1237 1024 1350 1101 annui,

202 1149 257 1235 qui
285 1145 406 1233 proprie
436 1142 581 1230 appellati
610 1150 680 1204 sunt
710 1136 839 1202 annates
867 1132 1009 1199 maximi.
1040 1136 1086 1198 lta
1117 1138 1141 1198 si
1163 1135 1302 1200 Tulliana
1323 1149 1354 1201 et

201 1263 347 1327 Seruiana
368 1259 476 1324 collata
498 1259 578 1321 inter
600 1278 631 1320 sc
653 1275 755 1340 neque
777 1251 816 1315 ad
839 1252 940 1313 virum
963 1262 1076 1314 resecta
1098 1252 1352 1336 interpretamur,

200 1379 315 1463 optime
337 1396 383 1439 res
406 1372 541 1460 procedit
563 1380 594 1436 et
616 1370 699 1435 velut
721 1366 857 1454 gradatio
879 1376 945 1443 est,
973 1387 1054 1451 quae
1075 1388 1112 1429 ex
1133 1376 1224 1430 aucto
1246 1365 1355 1450 paula·

201 1494 255 1557 tim
278 1491 378 1556 studio
399 1490 545 1554 libertatis
566 1498 597 1551 et
619 1484 734 1571 ingenii
764 1481 911 1566 civilique
932 1479 1141 1543 Romanorum
1162 1480 1249 1543 cultu
1266 1480 1353 1543 nullo

201 1607 324 1692 negotio
355 1604 535 1689 explicatur.
568 1602 669 1687 Atque
700 1597 785 1662 bunc
818 1616 921 1660 rerum
953 1593 1091 1658 ordinem
1123 1604 1284 1678 sequentes
1314 1592 1355 1657 de

200 1718 327 1804 singulis
348 1716 486 1780 dicamus
518 1714 725 1791 enucleatius,
757 1710 863 1775 habita
884 1708 975 1774 etiarn
998 1709 1113 1771 ratione
1134 1728 1259 1782 eorum,
1282 1707 1352 1793 qui·

200 1834 257 1898 bus
279 1832 395 1897 diversa
415 1832 608 1917 placuerunt.

240 1948 287 2013 De
318 1946 389 2032 ipsis
415 1942 540 2032 quidem
571 1931 769 2030 oipqasdrrorc
804 1958 867 2002 non
897 1947 941 2001 est
971 1936 1054 2023 quod
1086 1936 1180 1999 multa
1213 1934 1350 2000 afferam.

199 2065 259 2128 Res
281 2063 314 2126 in
335 2060 467 2125 dubium
494 2059 595 2125 vocari
625 2078 687 2121 non
709 2067 823 2143 potest,
853 2076 911 2120 nec
935 2052 1099 2140 quominus
1128 2051 1189 2113 iam
1210 2050 1268 2114 sub
1290 2051 1351 2113 Re-

198 2178 287 2264 gibus
306 2175 485 2253 Pontificcs,
508 2174 567 2239 sibi
587 2172 757 2250 duntaxat,
779 2194 817 2235 ea
837 2192 917 2258 qrrae
935 2170 1060 2246 tierent,
1079 2179 1114 2231 ut
1125 2188 1205 2255 quac
1214 2168 1351 2232 lacerent

199 2293 273 2378 ipsi,
308 2291 444 2355 retulisse
478 2291 511 2354 in
544 2287 777 2353 commentarios
798 2285 959 2350 credamus
985 2283 1037 2371 (cl.
1060 2305 1091 2368 p.
1117 2287 1136 2346 5
1158 2283 1237 2371 sq),
1260 2281 1352 2369 quid·

198 2424 292 2492 quam
320 2402 457 2491 impedit.
481 2403 588 2489 Neque
611 2402 651 2478 ii,
675 2401 729 2488 qui
751 2400 966 2486 cogitationem
989 2396 1154 2463 mandandi
1175 2398 1217 2459 ita
1239 2397 1350 2472 literis,

198 2540 278 2607 quae
300 2529 407 2582 notatu
428 2517 520 2603 digna
543 2514 733 2593 riderentur,
757 2520 775 2579 a
797 2516 919 2579 civitate
942 2535 1004 2579 non
1026 2514 1206 2577 multoante
1227 2512 1349 2577 condita

198 2634 328 2699 alienam
360 2632 551 2712 iudicarunt,
581 2620 749 2722 ἀρχέτυπα
779 2632 832 2703 illa
863 2633 1005 2717 exempla
1031 2643 1267 2718 reputaverunt,
1297 2632 1349 2696 scd

198 2752 321 2816 annales
344 2750 523 2837 tabulasque
546 2748 699 2813 dealbatas
726 2747 783 2836 (l).
807 2749 853 2812 Ne
875 2770 893 2812 a
916 2747 1041 2811 materia
1062 2744 1208 2832 quidem,
1230 2747 1263 2809 in
1284 2766 1346 2834 qua

198 2865 391 2944 scriberetur,
415 2864 672 2950 impedimentum
695 2872 756 2940 cst,
779 2859 931 2948 siquidem
945 2870 978 2924 et
987 2859 1117 2924 linteum
1137 2869 1168 2923 et
1181 2861 1344 2924 corticeam

196 2979 332 3043 chartam
353 2977 567 3066 antiquissimis
589 2975 777 3062 temporibus
798 2977 832 3041 in
853 2997 912 3039 usu
932 2975 1023 3039 luisse
1045 2984 1161 3039 constat
1186 2971 1344 3061 (ἓ).Ιάοω

197 3095 276 3157 valet
300 3095 332 3158 in
353 3115 442 3158 usum
462 3094 637 3169 literarum,
668 3093 806 3177 quamvis
828 3101 944 3168 essent,
976 3101 1010 3154 nt
1032 3091 1109 3155 Livii
1137 3091 1234 3154 vorbis
1259 3101 1344 3167 utar,

230 3432 270 3504 (1)
288 3429 338 3486 Est
353 3449 385 3486 es
400 3430 532 3486 sententia
548 3430 669 3498 Beckeri,
685 3431 701 3487 Ι
718 3451 742 3505 p
761 3435 776 3486 5
794 3449 851 3504 sqq.
868 3429 918 3486 Off.
937 3429 1066 3486 Niebuhr.
1082 3428 1279 3503 p.6;Ksrstcn
1289 3449 1314 3503 p.
1323 3430 1343 3485 l.

195 3528 300 3585 Mecum
315 3529 380 3586 fecit
396 3529 531 3598 Klotzio,
549 3529 622 3586 cuius
642 3531 805 3586 Ecolirids'on
820 3530 844 3585 si
860 3529 919 3601 quis
935 3530 1021 3586 rarius
1035 3529 1137 3602 inipso
1154 3547 1212 3584 mea
1228 3528 1344 3602 disputa·

193 3627 265 3683 tione
280 3626 417 3685 laudatum
432 3627 556 3698 miretur,
579 3628 628 3686 hoc
644 3629 745 3685 facturn
762 3630 842 3698 sciat,
858 3629 931 3701 ‘qnod
948 3629 1005 3686 eius
1021 3629 1186 3686 consultandi
1201 3629 1276 3702 copie
1291 3646 1345 3685 non

194 3725 267 3798 prins
282 3724 347 3781 mihi
363 3725 435 3782 fecta
454 3729 509 3794 est,
527 3745 605 3799 quarn
621 3726 704 3800 prima
720 3727 799 3784 huius
814 3727 898 3784 libelli
913 3727 1021 3801 plagula
1029 3727 1101 3800 typis
1109 3726 1202 3783 excudi
1210 3726 1344 3800 coepisset.

194 3824 354 3882 [laudassem
379 3828 468 3881 antem
488 3843 518 3880 eo
536 3825 683 3894 lubentius,
713 3845 765 3898 quo
788 3826 874 3882 minus
891 3846 908 3882 a
923 3826 975 3882 riri
990 3825 1127 3882 clarissimi
1143 3825 1273 3881 sententie
1294 3825 1345 3880 dis-

193 3928 284 3997 crepat
302 3925 358 3981 lere
373 3925 461 4000 opinio
475 3943 540 3981 mea.
554 3923 597 3981 De
612 3926 805 3983 commentariis
820 3926 923 3999 quidem
937 3926 975 3983 sic
988 3925 1143 3998 pmnnntiat
1151 3945 1177 3998 p.
1187 3925 1253 3981 356:
1273 3925 1343 3984 ulle·

194 4020 257 4076 wiss
272 4023 345 4092 eber,
363 4023 402 4079 sls
422 4023 459 4080 sie
476 4023 532 4080 sich
553 4025 730 4082 entschlossen
753 4025 816 4080 oder
837 4024 985 4081 remnlasst
1005 4023 1126 4092 worden,
1142 4024 1208 4080 ltir's
1223 4023 1296 4081 Volk
1311 4043 1345 4080 zu
1402 4075 1405 4080 .

193 4118 343 4189 schreiben,
366 4120 501 4177 schrieben
521 4121 565 4177 die
585 4122 713 4193 Priester,
734 4123 778 4180 bei
794 4123 878 4179 denen
895 4121 979 4190 wohl,
995 4121 1044 4177 wie
1059 4121 1115 4178 dies
1131 4141 1179 4178 sus
1195 4120 1281 4178 rielen
1297 4139 1342 4176 an·

194 4215 273 4273 deren
298 4217 493 4291 Audentnngcn
514 4219 690 4294 hervorgcht,
707 4221 891 4296 nrsprt'rnglioh
905 4219 985 4276 ellein
999 4219 1144 4276 Kenntniss
1160 4218 1215 4275 und
1230 4219 1342 4276 Annen-

193 4314 265 4389 dnng
286 4315 333 4372 dcr
354 4317 617 4376 Buchstsbenschrift
640 4338 674 4375 an
695 4319 782 4375 finden
798 4337 866 4388 war,
881 4318 924 4373 fiir
941 4317 996 4374 sich
1012 4318 1066 4374 und
1086 4339 1119 4375 zu
1136 4319 1219 4374 ilrrem
1235 4317 1343 4390 eigcnen

156 4419 161 4429 “
194 4414 376 4471 Gebranohcr.
393 4414 441 4472 cff.
459 4417 609 4490 inprimis,
627 4434 694 4489 quae
710 4416 798 4473 bisin
814 4415 982 4473 annotatione
1000 4417 1143 4490 subiungit.

230 4513 268 4584 (1)
287 4512 329 4568 Gi.
346 4512 482 4582 Petersen,
500 4513 532 4570 de
549 4514 632 4588 origg.
649 4514 710 4571 hist.
728 4515 806 4571 Rom.
823 4533 849 4587 p.
869 4516 902 4569 24
912 4532 964 4588 sq.,
982 4517 1025 4572 48.
1036 4515 1128 4571 Fuisse
1143 4515 1189 4588 qui
1195 4517 1342 4574 combustos

194 4629 211 4664 s
230 4610 312 4666 Gallis
330 4611 436 4668 annales
452 4612 577 4668 maximos
594 4616 702 4685 putaret
719 4613 746 4667 in
764 4613 907 4667 membranis
926 4611 1048 4685 scriptos,
1065 4595 1293 4671 infraridebimns.
