3150 5275
652 758 781 823 CAPUT
804 760 860 825 111.

381 988 425 1051 Dr
450 1006 603 1053 snnrtrun
626 1006 808 1052 nsxruonun
834 1007 962 1053 rariora
986 1008 1024 1053 cr
1050 1007 1129 1055 una.

223 1215 286 1297 Qui
316 1214 462 1280 hactenus
479 1236 514 1281 ex
535 1218 713 1281 testimoniis
733 1228 868 1282 veterum
888 1220 920 1283 in
941 1220 1045 1283 multis
1065 1220 1154 1305 longe
1170 1216 1330 1281 disceden-

181 1327 254 1392 dum
278 1353 295 1394 a
320 1330 436 1416 vulgari
456 1332 602 1395 sententia
623 1334 743 1415 putari,
767 1334 823 1418 qui
845 1335 876 1396 in
901 1335 1006 1419 primis
1024 1355 1171 1420 magnum
1190 1334 1326 1395 locorum

178 1464 362 1523 numerum,
393 1445 431 1509 ad
460 1446 614 1509 maximos
645 1448 773 1511 canales
802 1448 981 1533 apluribus
1008 1449 1188 1523 relatorum,
1222 1445 1330 1508 iisdem

181 1558 372 1637 abiudicari,
403 1560 585 1625 adiudicabo
613 1560 705 1639 alios,
737 1564 828 1626 etiam
856 1562 894 1626 de
917 1562 1031 1625 ratione
1053 1561 1162 1624 horum
1184 1560 1330 1623 librorum

181 1685 213 1736 et
241 1674 356 1739 traditis
382 1676 415 1739 in
443 1677 479 1739 iis
509 1674 599 1738 rebus
624 1696 685 1738 non
712 1697 834 1760 possum
863 1698 924 1740 non
952 1677 1037 1741 aliud
1064 1677 1174 1740 sentire
1197 1686 1227 1737 et
1247 1672 1331 1737 aliud

179 1786 258 1851 ferre
288 1811 381 1876 quam
413 1786 501 1876 vulgo
530 1788 564 1852 fit
591 1788 750 1854 iudicium.
781 1791 850 1854 Esse
875 1795 1029 1856 tamenin
1049 1813 1160 1877 magna
1178 1792 1331 1874 {sagmen-

178 1915 283 1967 torum
311 1906 465 1989 paucitate
493 1906 684 1991 penuriaque
714 1908 956 1972 testimoniorum
984 1909 1079 1972 multa
1109 1918 1173 1969 tam
1197 1907 1330 1980 incerta,

180 2030 215 2081 nt
243 2018 307 2081 iere
329 2040 346 2083 a
369 2022 545 2084 coniectura
577 2020 748 2106 pendeant,
779 2044 871 2086 nemo
891 2044 953 2087 non
976 2023 1134 2109 intelligit3
1158 2021 1263 2084 sedin
1285 2017 1331 2081 bis

181 2152 305 2219 quoque
330 2143 402 2195 <rest
422 2133 555 2219 quadam
580 2134 700 2219 prodire
721 2145 826 2211 tenus,
850 2135 874 2197 si
893 2156 955 2198 non
974 2135 1063 2199 datur
1085 2135 1202 2197 ultra».¹
1217 2132 1329 2217 Utique

183 2248 332 2332 optimum
362 2228 479 2311 sactum
508 2248 626 2312 videtur
654 2250 694 2312 ab
724 2250 760 2312 iis
787 2248 1023 2335 disputationem
1056 2247 1164 2322 ordiri,
1194 2244 1332 2331 quaeda

182 2361 307 2425 interitu
330 2360 471 2426 tabularii
493 2362 569 2427 tradi
590 2365 739 2450 legimus,
757 2378 788 2429 et
806 2387 953 2452 quaerere
974 2367 1125 2450 primum,
1144 2365 1221 2427 sitne
1234 2361 1331 2424 omni·

183 2495 222 2538 no
250 2474 436 2539 eredendum
469 2478 570 2556 Livio,
601 2479 784 2560 affirmanti,
815 2493 964 2567 occupata
998 2504 1016 2543 a
1049 2479 1143 2542 Gallis
1166 2463 1248 2541 Urbe
1280 2496 1333 2559 pe·

183 2589 263 2653 riisse
298 2610 376 2677 quae
412 2592 504 2655 relata
535 2594 568 2659 in
600 2598 832 2661 commentarios
871 2595 1031 2661 Pontifices
1071 2591 1235 2666 haberent;
1267 2598 1333 2652 tum

183 2716 297 2790 quanta
320 2703 396 2769 baec
417 2708 532 2771 iactura
554 2709 644 2773 inisse
664 2720 694 2773 et
715 2709 868 2797 quomodo
886 2711 1023 2774 resarciri
1035 2709 1164 2794 potuisse
1185 2704 1330 2768 rideatur.

183 2821 289 2906 Itaque
308 2822 514 2886 testimonium
536 2826 611 2889 Livii
634 2836 731 2889 totum
751 2837 782 2889 et
804 2827 960 2912 integrum
981 2824 1181 2909 praemittam.

288 2993 361 3062 Quae
379 2994 412 3049 ab
437 2995 542 3051 condita
558 2996 622 3051 urbe
639 2997 724 3052 Roma
741 2996 774 3052 ad
791 3001 895 3070 captam
911 2996 1019 3052 eandem
1034 2995 1125 3051 urbem
1149 2989 1262 3047 Romani
1279 2987 1327 3042 sub

252 3093 370 3166 Regibus
387 3097 513 3168 primum,
529 3095 687 3152 Consulibus
704 3095 796 3152 deinde
813 3114 844 3152 ac
860 3096 1058 3163 Dictatoribus,
1075 3090 1328 3160 Decemvirisqueac

251 3191 372 3248 Tribunis
398 3194 579 3250 consularibus
605 3213 724 3266 gessere,
750 3194 815 3250 foris
838 3195 923 3263 bella,
947 3194 1017 3250 domi
1039 3191 1195 3257 seditiones,
1215 3186 1330 3259 quinque

254 3290 328 3346 libris
352 3293 476 3365 exposui3
502 3313 542 3349 res
560 3313 639 3365 quum
660 3297 796 3349 vetustate
813 3293 892 3349 nimia
910 3294 1046 3362 obscuras,
1063 3291 1138 3349 velut
1154 3307 1220 3361 quae
1235 3303 1331 3358 magno

254 3407 287 3445 ex
303 3391 443 3446 intervallo
459 3390 511 3447 loci
527 3391 575 3447 vix
591 3395 748 3460 ccrnmrtur3
764 3395 822 3448 tum
840 3391 910 3465 quod
926 3409 1023 3464 parvae
1040 3392 1067 3445 et
1089 3405 1164 3444 rarae
1179 3383 1331 3460 peneadem

254 3493 371 3562 tempora
394 3490 486 3546 literae
513 3489 599 3557 fuere,
622 3508 675 3545 una
693 3489 811 3545 custodia
827 3489 910 3545 fidelis
926 3487 1064 3544 memoriae
1081 3504 1167 3541 rerum
1182 3487 1330 3556 gestarum:

254 3593 281 3644 at
306 3590 391 3661 quod,
417 3590 520 3646 etiarnsi
536 3609 603 3663 quae
620 3590 648 3645 in
664 3594 842 3647 commentariis
859 3592 1008 3662 Pontificum
1026 3586 1135 3658 aliisque
1151 3582 1263 3657 publicis
1278 3580 1330 3655 pri·

252 3687 372 3759 ratisque
390 3693 465 3745 erant
481 3689 672 3758 monumentis,
690 3689 797 3744 incensa
814 3689 878 3744 urbe
892 3688 1016 3762 pleraque
1027 3689 1065 3760 (1)
1074 3687 1203 3743 interiere.
1213 3684 1331 3740 (llariora

252 3785 371 3859 deinceps
397 3787 560 3859 certioraque
589 3788 622 3844 ab
646 3789 759 3844 secunda
789 3788 905 3860 origine,
931 3788 1006 3843 velut
1032 3788 1065 3843 ab
1092 3787 1217 3860 stirpibus
1236 3784 1332 3841 laetius

254 3885 416 3958 feraciusque
441 3890 548 3942 renatae
573 3886 662 3955 urbis,
689 3890 763 3959 gesta
780 3886 850 3942 domi
869 3885 1029 3956 militiaeque
1044 3888 1176 3957 exponent
1209 3927 1215 3939 .

227 4044 310 4146 Lirin
327 4045 389 4108 iam
401 4042 582 4110 Plutarchus
595 4056 669 4109 teste
688 4068 760 4110 usus
782 4057 845 4124 est,
874 4043 950 4135 περὶ
969 4044 1027 4133 τῆς
1046 4037 1215 4126 Ῥωμαίων
1234 4031 1332 4129 τύχης

184 4160 279 4237 XIII,
301 4181 395 4245 quem
417 4162 520 4225 locum
543 4162 651 4225 misere
673 4171 851 4247 corruptum
873 4161 916 4224 sic
937 4160 1113 4224 restituam:

174 4309 303 4319 -—--—

221 4381 259 4451 (l)
278 4379 377 4450 Sequor
393 4379 461 4435 hanc
483 4377 632 4448 Periuonio,
650 4381 759 4438 Dukero
777 4387 804 4438 et
821 4381 879 4437 aliis
896 4379 1014 4454 plurimis
1030 4376 1168 4450 probatam
1181 4373 1332 4441 lectionem,

184 4495 341 4550 quamquam
366 4477 400 4532 ad
424 4477 491 4533 idem
508 4477 589 4547 redit,
607 4480 676 4551 quod
694 4480 722 4536 in
739 4480 814 4536 libris
831 4484 884 4547 est,
899 4482 1032 4550 pleraeque
1047 4475 1064 4532 i.
1082 4494 1104 4531 e.
1121 4473 1215 4530 literae
1232 4471 1276 4528 vel
1293 4490 1334 4526 res

183 4579 280 4648 gestae.
