3150 5275
800 464 841 525 68

242 665 324 730 lama
354 674 445 749 atque
476 684 512 727 ex
544 662 634 725 sacris
667 662 893 725 commentariis
922 660 1088 749 librisque,
1119 685 1195 750 quos
1226 665 1337 728 multos
1365 674 1397 728 et

208 779 215 803 '
245 781 319 845 rarii
349 778 467 865 generis
500 777 631 841 Romani
666 776 861 855 babuerunt,
896 777 989 840 literis
1021 778 1210 864 consignasse
1243 778 1394 843 ridentur.

245 897 347 983 Atque
369 894 427 958 boc
450 902 576 956 testatur
596 893 689 955 eliam
712 892 891 978 Dionysius,
913 891 969 955 ubi
991 884 1150 967 παλαιοιλς
1171 882 1287 979 λόγους
1302 893 1342 956 ab
1359 893 1396 955 iis

243 986 406 1094 descriptos
436 1006 510 1071 dicit
539 1030 575 1071 ex
608 1004 711 1095 ἱεραῖς
732 1004 877 1087 δέλτοις,
908 1007 1020 1093 quibus
1050 1005 1201 1092 quidquid
1233 1008 1394 1093 intelligis,

242 1125 297 1189 soli
327 1121 462 1187 historici
492 1123 702 1186 commentarii
732 1122 862 1208 intelligi
888 1133 1056 1208 nequeunt.
1079 1120 1164 1185 Idem
1188 1123 1345 1198 lecerunt,
1369 1124 1395 1185 si

241 1237 422 1303 confirmare
452 1235 529 1301 baec
560 1237 653 1299 simili
675 1235 864 1300 Graecorum
885 1237 1025 1322 exemplo
1047 1236 1155 1314 liceat,
1178 1224 1391 1325 λογογράφοι,

241 1348 296 1417 ἕνα
316 1348 370 1415 καὶ
390 1340 446 1415 τᾶν
465 1339 560 1414 αὐτὸν
581 1339 800 1439 φυλάττοντες
820 1341 955 1431 σκοπὸν,
988 1342 1065 1416 ὅσαι
1091 1338 1283 1427 διεσώζοντο
1305 1340 1398 1436 παραὶ

239 1467 311 1539 τοῖς
331 1460 520 1551 ἐπιχωρίοις
540 1464 664 1547 μνῆμαι
684 1456 766 1530 nouo?
788 1459 864 1553 ἔθνη
884 1486 922 1529 τε
943 1462 997 1529 καλ
1017 1456 1099 1529 κατα
1120 1453 1249 1543 πόλεις,
1271 1451 1339 1525 εἴτ’
1359 1458 1397 1527 ἐν

241 1576 384 1665 ἱεροῖς,
414 1568 483 1642 εἴτ’
514 1574 552 1642 ἐν
575 1568 764 1667 βεβήλοις
797 1575 1056 1661 ἀποκείμεναι
1084 1574 1253 1666 γραφαὶ,
1279 1566 1400 1650 ταύτας

241 1691 290 1769 εἷς
311 1684 482 1780 τῆνκοινὴν
494 1681 642 1757 ἁπάντων
662 1692 777 1779 γνῶσιν
797 1690 981 1779 ἐξενεγκεῖν,
1007 1688 1080 1766 οἵας
1100 1687 1300 1779 παρέλαβον,
1314 1678 1396 1776 μήτε

241 1806 472 1897 προστιθέντες
494 1798 606 1881 αὐταῖς
625 1830 672 1888 τι,
693 1796 765 1894 μήτ’
787 1798 1026 1895 ἀφαιροῦντες·
1055 1802 1093 1871 ἐν
1114 1797 1176 1880 αἷς
1195 1802 1398 1897 καὶγιῦθοι

241 1920 343 1997 τινὲς
372 1918 509 2010 ἐνῆσαν
540 1912 618 1987 dno
646 1920 716 1986 τοῦ
736 1920 884 1987 πολλοῦ
904 1916 1219 2002 πεπιστευμένοι
1238 1906 1396 2002 χρόνον,

243 2034 298 2101 καὶ
320 2033 490 2123 θεατρικαί
509 2056 592 2109 τινες
613 2032 835 2124 περιπέτειαι,
858 2027 943 2100 πολι)
963 2032 1002 2099 τὸ
1022 2027 1145 2122 ἠλίθιον
1165 2028 1249 2117 ἔχειν
1258 2035 1328 2107 τοῖς
1343 2030 1397 2096 νῦν

241 2148 405 2216 δοκοῦσαι.
435 2149 487 2212 Ait
516 2149 675 2235 Dionysius
704 2148 742 2212 de
773 2147 912 2234 Thucyd.
945 2147 1013 2213 bist.
1042 2147 1108 2212 iud.
1144 2149 1180 2214 V.
1212 2149 1295 2209 llaec
1323 2167 1392 2209 vero

245 2265 320 2353 quid
354 2288 535 2352 persequar,
568 2268 622 2351 qui
651 2276 770 2329 tantum
801 2265 883 2327 volui
912 2286 1052 2341 monere,
1083 2284 1122 2327 ne
1143 2262 1229 2325 nullo
1251 2272 1393 2336 auctore,

245 2382 330 2445 nullo
351 2380 466 2443 indicio
488 2391 672 2456 statuamus,
704 2380 736 2442 in
760 2380 857 2463 prisca
881 2377 1002 2442 historia
1023 2381 1161 2443 Romana
1182 2375 1327 2441 tradenda
1349 2376 1394 2439 fa-

239 2496 329 2561 bulas
348 2495 437 2558 luisse
459 2493 620 2558 annalium
642 2494 851 2558 maximorum
873 2503 1018 2579 tanquam
1041 2491 1393 2578 farraginemiTempus

242 2609 346 2678 estad
368 2611 537 2696 fragmenta
558 2605 704 2672 accedere
727 2617 757 2672 et
779 2629 816 2671 ea
837 2608 1025 2686 testimonia,
1052 2630 1089 2672 ex
1111 2606 1224 2694 quibus
1248 2627 1315 2668 vera
1339 2624 1393 2668 οκ·

241 2726 361 2790 notium
383 2726 458 2789 ratio
479 2724 572 2810 paulo
593 2723 703 2787 clarius
725 2722 935 2808 perspicitur„

286 2842 318 2905 si
349 2862 409 2927 qua
440 2840 535 2926 igitur
564 2837 625 2903 fide
656 2849 686 2902 et
707 2839 813 2904 Cicero
835 2837 946 2924 diguus
967 2850 1011 2902 est
1034 2849 1064 2902 et
1085 2839 1227 2916 Servius,
1251 2837 1395 2925 equidem

241 2957 366 3019 initium
387 2952 548 3017 atunellum
575 2950 770 3037 publicorum
801 2973 862 3015 non
884 2953 981 3015 multo
1002 2955 1092 3018 altius
1112 2976 1205 3040 quam
1229 2952 1269 3016 ab
1288 2953 1325 3015 iis
1347 2974 1395 3015 re-

243 3081 363 3156 petam,
383 3090 463 3155 quae
486 3067 640 3132 conditam
663 3069 777 3133 Urbem
802 3070 938 3154 proxime
954 3071 1145 3134 antecessisse
1168 3071 1248 3132 larua
1269 3067 1397 3133 ferebat.

243 3185 336 3250 Cuius
365 3181 490 3269 quidem
522 3183 564 3245 rei
594 3185 734 3269 exemplo
765 3195 836 3246 utor
857 3171 925 3247 loeo
955 3185 1126 3260 Ciceronis,
1161 3185 1217 3269 qui
1238 3194 1282 3246 est
1303 3180 1341 3245 de
1364 3203 1396 3244 re

243 3298 330 3384 publ.
353 3297 394 3362 ΙΙ.
418 3298 437 3358 λ
460 3317 503 3382 sq.
527 3297 555 3358 Is
578 3296 661 3359 enim
691 3307 727 3360 ut
756 3299 880 3362 omuino
908 3300 941 3362 iu
963 3297 1012 3362 bis
1030 3299 1116 3362 libris
1138 3300 1228 3384 longe
1250 3299 1336 3384 plura
1359 3319 1395 3361 ex

243 3410 392 3476 martionis
420 3408 584 3474 oorrrrllbos
615 3409 795 3497 deprompta
825 3413 958 3498 prolerre
987 3413 1125 3493 ridetur,
1159 3437 1254 3501 quam
1284 3439 1314 3478 se
1342 3415 1396 3479 de·

244 3527 422 3628 prompsisse
456 3536 601 3602 testatur,
636 3526 676 3589 ita
712 3523 794 3589 baud
828 3529 890 3590 scio
924 3550 963 3591 an
996 3551 1032 3592 eo
1062 3529 1192 3592 maxime
1220 3530 1304 3606 loeo,
1335 3551 1396 3616 quo

245 3653 419 3706 nascentem
451 3664 515 3704 rem
543 3640 701 3726 publicam
729 3641 880 3716 ostendit,
912 3643 1095 3706 Pontificum
1119 3645 1249 3730 vestigiis
1271 3645 1396 3709 insistat.

248 3754 363 3838 «Quod
407 3753 575 3830 babemus,
617 3756 735 3842 inquit,
778 3759 933 3821 institutae
975 3760 1018 3821 rei
1059 3760 1201 3846 publicae
1234 3773 1297 3824 tam
1332 3760 1398 3823 ela-

245 3841 321 3934 rum¹
354 3892 390 3935 ac
430 3881 492 3934 tam
534 3869 676 3934 omuibus
711 3882 818 3934 notum
851 3871 1027 3951 exordium,
1065 3896 1158 3960 quarn
1190 3873 1281 3937 buius
1314 3873 1398 3938 urbis

245 3982 421 4048 condendae
452 3985 640 4070 principium
671 3965 844 4071 proiectum
873 4011 892 4052 a
920 3989 1076 4054 Romulo?
1110 3991 1164 4075 qui
1197 3999 1282 4075 patre
1305 3991 1397 4055 llarte

245 4109 335 4162 natus
364 4133 406 4145 -
437 4096 642 4163 concedamus
672 4102 754 4164 enim
787 4103 885 4166 lamae
917 4102 1098 4181 bominum,
1127 4106 1304 4190 praesertim
1338 4127 1398 4169 non

248 4215 433 4278 inveteratae
457 4212 583 4294 solum,
617 4213 668 4278 sed
702 4216 793 4278 etiam
827 4218 979 4302 sapienter
1011 4241 1028 4281 a
1061 4219 1226 4284 maioribus
1248 4220 1399 4307 proditae,

247 4329 327 4392 bene
349 4329 451 4392 meriti
473 4327 511 4391 de
534 4329 625 4393 rebus
655 4331 871 4398 communibus
894 4345 928 4398 ut
950 4357 1062 4421 genere
1084 4337 1175 4400 etiam
1199 4348 1398 4423 putarentur,

248 4467 310 4509 nou
332 4448 429 4510 solum
452 4469 514 4511 esse
537 4447 661 4534 iugenio
691 4446 794 4512 divino
817 4452 905 4513 ——is
933 4450 1045 4536 igitur,
1076 4461 1110 4514 ut
1137 4463 1225 4529 natus
1255 4454 1292 4515 sit
1325 4474 1397 4516 cum

246 4564 344 4628 Remo
365 4562 474 4642 fratre,
498 4560 611 4627 dicitnr
633 4563 673 4628 ab
697 4564 839 4642 Amulio,
863 4567 947 4652 Rege
969 4565 1107 4645 Albano,
1131 4567 1172 4630 ob
1191 4566 1395 4632 labefactandi
