3150 5275
726 474 761 516 111

164 686 442 761 commentatione
452 690 674 774 ἀκριτικῶτερον
690 679 853 786 scriptum
878 679 1002 752 librum
1030 680 1139 752 videre
1166 703 1219 749 me
1247 705 1312 752 non

165 840 315 912 memini.
348 836 436 908 Adeo
469 836 504 906 in
534 858 569 905 aa
599 833 823 915 desideratur,
855 852 922 905 nun
955 831 1028 903 dieu
1055 831 1191 905 verbosa
1218 857 1313 928 argu·

164 992 341 1072 mentatio,
380 989 437 1060 sed
486 995 577 1076 κρίσις
607 987 674 1057 'illa
717 985 893 1069 subtilior,
930 1008 1013 1080 quae
1056 993 1145 1056 reeta
1192 985 1314 1057 iudicio

165 1146 358 1240 delectuque
383 1142 540 1239 prudenti
570 1166 588 1212 a
618 1141 704 1211 veris
730 1139 812 1211 falsa
837 1139 1015 1248 diligenter
1046 1140 1225 1212 discernat.

212 1296 255 1366 Et
287 1296 367 1366 haee
397 1294 531 1390 quidem
568 1294 737 1364 haetenus.
765 1292 813 1363 De
843 1317 896 1363 me
932 1304 969 1363 ut
998 1295 1137 1389 paucula
1174 1296 1313 1379 addam,

165 1471 235 1520 esse
286 1447 321 1517 in
358 1446 419 1516 hau
450 1444 673 1541 disputatione
715 1470 797 1542 quae
825 1446 1050 1529 enucleatius,
1090 1471 1161 1519 esse
1202 1458 1315 1521 eontra

165 1622 247 1695 quae
269 1597 401 1669 brevius
431 1596 495 1667 dici
522 1606 579 1669 aut
611 1564 798 1694 petiissent
815 1610 872 1671 aut
897 1568 1111 1683 debuissenss
1145 1601 1232 1673 haud
1262 1626 1316 1673 me

166 1752 342 1848 praeierit3
380 1749 435 1822 sed
475 1760 511 1821 ut
546 1750 699 1822 universe
727 1776 793 1823 non
828 1750 996 1825 affluimus
1029 1754 1094 1826 otio
1121 1753 1314 1849 Gymnasiu·

165 1932 240 1980 runi
278 1907 453 1988 Doctum,
490 1907 536 1977 ita
566 1906 650 1976 mihi
671 1909 770 1979 etiam
802 1914 981 2005 temporis,
1015 1932 1079 2003 qua
1109 1907 1190 1979 haec
1215 1907 1315 2003 perii·

166 2063 282 2134 cienda
309 2072 426 2144 erant,
452 2062 622 2158 angustiae
652 2061 707 2131 vix
737 2062 875 2158 parandi
900 2066 1011 2136 omnia
1041 2075 1073 2136 et
1096 2065 1316 2161 disponendi,

167 2218 290 2290 nedum
323 2215 462 2289 limandi
495 2216 622 2311 copiam
653 2213 812 2286 fecerunt.
839 2214 992 2286 Ceterum
1026 2216 1060 2287 in
1089 2226 1154 2286 tam
1194 2218 1315 2289 crassis

170 2370 314 2443 tenebris
339 2370 447 2440 soiuni
471 2393 524 2440 nie
549 2366 660 2439 videre
686 2368 812 2448 lucem,
839 2368 984 2439 muitum
1006 2379 1043 2439 ut
1063 2369 1194 2440 credam
1213 2368 1315 2441 abest.

165 2523 289 2595 Veruin
321 2524 401 2619 quid
434 2532 536 2604 esset,
578 2521 741 2617 quaesivi;
780 2521 862 2615 quid
896 2544 967 2592 esse
1011 2522 1196 2605 videretur,
1234 2523 1340 2624 quid·

167 2699 253 2758 nen,
279 2674 479 2772 disputando
507 2675 607 2746 effeci.
638 2673 737 2745 Aliud
764 2673 851 2769 qued
880 2675 1035 2771 pollicear
1061 2699 1127 2746 nen
1154 2674 1266 2747 habea.

270 2858 380 2929 Multa
413 2859 508 2951 fidem
529 2857 694 2952 promissa
724 2856 850 2938 leuant,
881 2857 937 2928 ubi
957 2856 1090 2951 plenius
1120 2879 1222 2950 aequo

266 2982 400 3054 Laudat
428 2983 575 3064 uenales,
602 2983 660 3078 qui
686 2983 755 3056 uult
783 2985 977 3066 extrudere,
1009 3006 1137 3053 merces.

219 3231 367 3288 Scribebam

168 3349 190 3386 a.
210 3331 235 3386 d.
253 3330 287 3386 X.
306 3329 366 3385 Kal.
386 3329 455 3383 Sexi.

203 3449 225 3484 a.
244 3428 428 3485 MDCCOLV.
