3150 5275
847 455 888 517 80

294 674 498 738 memoretur,
521 660 559 724 de
583 671 739 744 tempore,
763 677 825 742 quo
855 658 934 719 lacta
968 656 1024 731 sit,
1047 652 1208 715 haeremus
1238 649 1346 714 incerti
1382 648 1441 737 (l).

293 777 383 863 Quod
404 780 428 842 si
450 798 536 841 secus
557 786 649 851 esset,
669 774 783 837 faceret
802 768 989 856 permultum
1012 765 1050 830 ad
1062 764 1223 829 canalium
1235 764 1445 829 maximorum

292 894 526 980 descriptionem
547 891 580 954 in
603 889 714 952 LXXX
736 886 848 963 libros,
879 906 959 971 quae
987 884 1085 970 qualis
1104 883 1197 946 fuerit
1217 902 1300 945 nunc
1322 880 1443 965 penitus

291 1012 465 1095 ignoramus
486 1004 536 1093 (cl.
553 1026 582 1088 p.
603 1001 726 1088 50sq.),
739 1002 843 1087 aliquo
863 1000 967 1063 saltem
991 1010 1080 1083 pacto
1101 994 1361 1083 cognoscendam,
1385 992 1442 1058 nisi

292 1124 404 1186 laceret
426 1120 516 1183 simul
536 1115 573 1181 ad
597 1113 848 1201 intelligendam,
870 1134 963 1200 quam
990 1113 1098 1199 utique
1123 1132 1231 1196 parum
1253 1120 1443 1195 perspectam

292 1236 458 1310 habemus,
482 1234 638 1297 rationem.

333 1349 498 1433 Adscriptis
528 1358 620 1433 atque
648 1344 801 1407 illustratis
830 1340 991 1405 annalium
1013 1340 1223 1404 maximorum
1244 1340 1441 1424 fragmentis,

290 1487 369 1552 quae
389 1463 466 1527 mihi
483 1461 608 1550 quidem
626 1481 781 1546 superesse
800 1458 957 1535 videntur,
977 1456 1129 1534 omnibus,
1146 1455 1184 1519 de
1204 1466 1314 1519 natura
1332 1453 1442 1519 borum
1536 1507 1537 1514 ,

290 1579 437 1642 librorum
460 1578 492 1639 in
514 1576 690 1639 universum
720 1574 841 1638 nonnisi
870 1594 969 1660 pauca
992 1571 1123 1636 dicenda
1145 1569 1261 1648 habeo,
1284 1592 1301 1633 a
1324 1570 1443 1635 Catonis
1537 1615 1538 1618 ,

292 1697 359 1759 loco
380 1694 550 1780 profectus,
577 1692 665 1754 cuius
688 1690 799 1753 acerbe
820 1688 939 1753 dictum
965 1688 1170 1751 testimonium
1204 1685 1364 1771 permagni
1383 1706 1445 1748 esse

290 1810 437 1873 momenti
468 1807 604 1871 arbitror.
638 1806 681 1869 Ea
704 1814 786 1868 certe
807 1805 885 1867 inest
915 1805 948 1866 in
973 1802 1031 1867 hac
1051 1802 1217 1866 acerbitate
1249 1803 1377 1881 veritas,
1410 1813 1444 1865 ut

290 1944 496 2010 quaecunque
519 1921 628 2006 passim
650 1918 763 1984 indicia
786 1916 970 1983 offendimus
992 1919 1158 1982 ieiunitatis
1179 1929 1210 1982 et
1231 1917 1389 1995 siccitatis,
1414 1918 1445 1980 in

290 2038 424 2100 oratione
454 2047 484 2098 et
511 2033 637 2120 proinde
665 2035 781 2098 ratione
813 2033 974 2097 annalium
1002 2032 1212 2096 maximorum
1242 2032 1443 2117 conspicuae,

290 2153 332 2214 ita
356 2172 417 2213 non
437 2148 629 2213 mediocriter
651 2148 880 2212 confirmentur.
912 2148 976 2211 Nec
999 2148 1054 2233 qui
1076 2168 1122 2209 res
1146 2146 1224 2230 ipsas
1246 2155 1402 2230 spectans,
1425 2166 1443 2207 a

289 2264 401 2329 Catone
431 2284 466 2325 eo
495 2263 561 2326 loco
591 2273 788 2339 memoratas,
819 2273 935 2350 quanta
959 2263 996 2325 sit
1022 2263 1138 2325 Rornae
1165 2259 1289 2345 publice
1312 2271 1342 2323 et
1363 2260 1441 2323 anti-

289 2378 439 2465 quissimis
468 2378 528 2439 iam
558 2375 744 2461 temporibus
773 2374 878 2439 habita
907 2398 1045 2441 annonae
1068 2397 1143 2439 cura
1164 2397 1201 2438 ex
1223 2375 1306 2439 livio
1333 2374 1385 2463 (ll.
1408 2377 1440 2441 9.

290 2496 328 2568 6,
352 2495 403 2557 54.
427 2494 446 2553 ⁰2
469 2489 547 2577 sqq.)
572 2490 701 2576 aliisque
719 2492 911 2569 meminerit,
931 2492 1093 2555 mirabitur
1109 2488 1292 2567 admodum,
1315 2489 1441 2576 publice

290 2608 382 2671 etiam
406 2605 534 2669 relatum
556 2605 590 2669 in
613 2606 844 2670 commentarios
867 2606 973 2683 fuisse,
999 2606 1163 2692 «quotiens
1184 2627 1305 2670 annona
1325 2626 1440 2682 cara»,

292 2723 359 2800 rel,
383 2721 414 2784 id
436 2719 518 2806 quod
541 2721 674 2806 proxime
696 2719 759 2806 huc
782 2722 931 2806 pertinet,
955 2721 1049 2784 fames
1072 2721 1120 2785 vel
1141 2721 1314 2805 pestilentia
1335 2720 1439 2785 fuerit.

291 2836 469 2923 Opportune
490 2835 565 2900 adeo
587 2834 721 2899 Clericus
743 2858 774 2921 p.
794 2837 836 2900 25
856 2835 895 2899 ad
913 2836 1061 2901 rationem
1079 2836 1237 2900 antatium
1252 2834 1438 2921 Pontificum

290 2950 497 3016 illustrandam
527 2951 702 3036 exemplum
732 2951 835 3014 attulit
865 2974 901 3015 ex
933 2952 1015 3016 Livio
1046 2954 1177 3039 petitum
1205 2955 1274 3022 Vll.
1301 2951 1323 3016 2
1350 2953 1440 3030 init,

290 3066 343 3131 ubi
367 3077 504 3130 notatum
526 3067 672 3151 legimus:
700 3065 759 3128 «Et
781 3064 841 3127 hoc
863 3076 894 3128 et
917 3066 1089 3151 insequenti
1111 3089 1191 3132 anno
1216 3067 1292 3154 (390
1315 3078 1345 3130 et
1367 3065 1441 3152 591)

293 3181 463 3266 pestilentia
480 3181 547 3245 luit.
560 3181 602 3244 Eo
626 3179 702 3245 nihil
725 3179 854 3267 dignum
872 3184 1019 3245 memoria
1037 3194 1158 3260 actum,
1182 3184 1240 3247 nisi
1259 3183 1341 3270 quod
1362 3184 1444 3268 pacis

293 3295 392 3359 Dedin
421 3293 626 3380 exposcendae
663 3315 774 3373 causa,
808 3295 895 3358 tertio
926 3307 993 3359 tum
1025 3308 1091 3380 post
1122 3295 1276 3360 conditam
1306 3295 1442 3373 Urbem,

292 3385 520 3475 lectisternium
543 3411 639 3474 luit».
671 3411 759 3493 Quae
787 3410 946 3498 multaque
977 3411 1056 3490 alia,
1090 3434 1108 3474 a
1139 3412 1223 3475 livio
1255 3433 1291 3474 ex
1322 3410 1443 3495 privatis

292 3525 453 3589 annalibus
486 3525 684 3611 deprompta,
719 3525 777 3588 nisi
810 3526 843 3588 in
874 3524 1008 3608 publicis
1038 3526 1149 3610 scripta
1181 3525 1327 3600 fuissent,
1362 3523 1444 3587 unde

293 3639 417 3702 illorum
446 3639 604 3723 scriptores
633 3639 867 3725 cognovissent?
890 3641 974 3703 Talia
996 3650 1101 3703 autem
1122 3661 1215 3726 quam
1238 3641 1344 3724 paucis
1365 3639 1445 3701 Pon·

296 3753 392 3817 tifices
414 3752 639 3829 concluserint,
671 3754 713 3816 ita
735 3763 830 3816 utne
852 3774 957 3817 causas
978 3753 1103 3840 quidem
1126 3777 1228 3818 rerum
1250 3774 1369 3837 semper
1390 3751 1447 3815 ad-

295 3867 420 3944 derent,
451 3866 550 3930 efficio
581 3887 617 3928 ex
648 3867 703 3944 iis,
736 3887 816 3953 quae
847 3865 938 3930 tradit
967 3868 1071 3931 Livius
1101 3869 1361 3953 tV.1a.6sq.,
1391 3866 1447 3930 ubi

295 3981 408 4045 dicitur
434 4002 530 4044 annus
557 3980 645 4045 Urbis
674 3983 736 4045 514
761 3982 949 4071 etmultiplici
970 3982 1057 4048 clade
1079 4004 1115 4048 ac
1137 3983 1275 4069 periculo
1297 3984 1445 4069 insignis,

335 4269 372 4339 (1)
392 4265 434 4320 Ex
456 4262 558 4320 collatis
578 4263 647 4320 iuter
669 4283 696 4319 se
719 4265 800 4333 locis,
823 4285 888 4338 quos
908 4265 1000 4322 laudm
1017 4265 1051 4322 ad
1067 4266 1204 4322 Valerium
1220 4237 1445 4323 Max.m.e.1

297 4363 445 4436 Kempfins‚
472 4381 525 4418 non
541 4364 624 4419 multo
642 4363 701 4436 plus
718 4364 828 4432 efficias,
846 4375 924 4437 quam
941 4365 1053 4437 primum
1068 4363 1097 4418 in
1113 4363 1219 4419 comitio
1235 4363 1348 4437 positam
1364 4362 1447 4418 fuisse

296 4465 428 4531 statuam,
453 4466 510 4518 tum
535 4463 563 4516 in
580 4461 735 4530 Volcanali,
755 4462 847 4534 aqnod
863 4466 904 4520 est
920 4482 1000 4537 supra
1017 4461 1191 4533 comittunt,
1206 4467 1239 4519 ut
1255 4463 1294 4519 eit
1309 4461 1404 4518 Festus
1420 4479 1448 4517 v.

295 4560 390 4616 Statua
410 4581 435 4634 p.
454 4563 512 4618 290.
1297 4571 1300 4575 ’
