3150 5275
696 475 733 535 81

143 673 356 751 seditionibus,
388 674 486 751 same,
518 694 611 757 regno
639 694 733 758 prope
763 693 818 757 per
845 669 1013 755 largitionis
1040 669 1236 737 dulcedinem
1262 677 1294 739 in

143 790 274 853 cervices
297 799 433 873 accepto.
457 788 560 851 Unum
584 787 661 849 afuit
679 786 796 849 bellum
821 795 996 849 externum:
1028 807 1090 871 quo
1109 787 1134 849 si
1151 786 1297 874 adgrava-

56 914 59 922 ‘
144 914 191 966 tae
210 924 255 965 res
275 912 387 975 essent,
408 902 456 963 vix
469 908 533 985 'ope
557 902 690 964 Deorum
711 900 849 964 omnium
871 900 965 963 resisti
987 900 1139 987 potuisset.
1163 900 1297 988 Coepere

144 1040 161 1080 a
188 1018 268 1080 fame
295 1016 392 1092 mala,
423 1037 476 1079 seu
504 1014 645 1080 adversus
673 1037 770 1079 annus
793 1014 933 1100 frugibus
954 1014 1030 1092 suit,
1058 1036 1112 1077 seu
1133 1012 1298 1081 dulcedine

144 1131 327 1194 concionum
357 1139 387 1191 et
409 1127 492 1191 urbis
515 1128 632 1193 deserto
654 1151 796 1214 agrorum
817 1130 924 1191 cultu:
955 1149 1026 1191 nam
1048 1140 1215 1215 utrumque
1235 1141 1296 1195 tra·

145 1244 264 1307 ditur».
297 1244 375 1329 Ergo
407 1242 445 1306 de
475 1264 566 1308 causa
596 1244 803 1309 dubitabatur.
833 1243 994 1306 Incertane
1024 1244 1149 1324 fuisset,
1178 1248 1202 1309 si
1229 1269 1298 1311 eam

145 1357 307 1422 Pontifices
329 1356 596 1441 suppeditassent?
618 1358 679 1436 At,
709 1358 847 1444 inquies,
878 1358 1033 1441 pertinent
1064 1359 1140 1424 baec
1171 1361 1209 1425 ad
1238 1364 1300 1428 fata

146 1471 234 1536 Urbis
265 1472 400 1535 tumultu
432 1471 566 1548 Gallico,
596 1493 658 1559 quo
681 1472 828 1557 pleraque
849 1475 1138 1538 commentariorum
1161 1500 1229 1565 pars
1251 1481 1298 1543 in*

147 1586 249 1662 teriit,
283 1586 467 1671 antiquiora.
497 1584 576 1652 Vide
608 1586 702 1670 igitur
733 1621 775 1633 -
808 1606 867 1647 non
902 1597 946 1648 est
976 1589 1059 1651 enim
1091 1593 1301 1677 exemplorum

147 1702 275 1785 penuria
291 1737 334 1749 -
352 1722 432 1787 quae
454 1702 494 1767 X.
521 1705 569 1765 ll.
591 1703 631 1763 10
654 1699 800 1764 dicuntur
822 1699 860 1762 de
882 1721 962 1763 anno
984 1701 1022 1766 U.
1047 1706 1125 1783 4553
1151 1728 1212 1793 quo
1233 1708 1301 1774 loco

147 1814 266 1891 Livius,
299 1826 459 1902 postquam
491 1818 604 1880 notavit
638 1817 820 1879 «caritatem
851 1836 989 1879 annonae
1004 1807 1172 1906 sollicitam
1195 1824 1301 1889 cirita·

145 1942 208 1995 tem
236 1930 427 2008 habuisse»,
457 1934 526 1995 satis
548 1932 670 1994 ieiune:
701 1930 771 1993 «Eo
797 1952 896 2006 anno,
926 1930 1045 2017 inquit,
1075 1932 1145 2018 (nec
1172 1936 1301 2002 traditur

146 2044 248 2131 causa)
281 2048 490 2134 interregnum
521 2048 643 2113 initum.
675 2048 846 2132 Interregcs
867 2047 954 2110 luere
978 2047 1036 2133 Ap.
1062 2050 1225 2130 Claudius,
1247 2051 1301 2117 de-

148 2161 181 2223 in
211 2162 245 2225 P.
276 2160 471 2246 Sulpicius».
505 2161 640 2227 Tandem
671 2164 703 2225 in
725 2160 889 2225 canalibus
921 2162 1069 2227 maximis
1089 2166 1212 2231 solitum
1239 2192 1302 2233 esse

149 2280 263 2354 notari,
301 2280 467 2364 «quotiens
496 2278 588 2342 lunae
610 2289 663 2341 aut
685 2276 753 2340 solis
786 2277 896 2340 lumini
926 2279 970 2341 sol
1000 2292 1052 2343 aut
1074 2282 1150 2367 quid
1171 2283 1303 2348 obstitis·

148 2402 236 2468 set»,
261 2391 291 2454 id
316 2413 457 2479 quoque,
482 2394 538 2455 nisi
561 2391 712 2456 Ciceronis
734 2391 905 2455 testimonio
926 2378 1166 2460 luculentissime
1189 2397 1301 2463 confir·

150 2514 303 2579 maretur,
328 2506 440 2589 pariter
472 2507 519 2569 rel
550 2507 626 2569 Livii
654 2504 799 2568 historice
823 2507 958 2569 centenis
979 2507 1054 2571 locis
1076 2510 1302 2595 persuaderent.

150 2618 255 2701 Quum
287 2618 370 2682 enirn
402 2620 494 2683 ctiam
525 2617 687 2708 ἐκλείψεις
716 2620 748 2682 in
781 2618 925 2705 prodigiis
956 2620 1159 2704 haberentur,
1193 2624 1303 2692 harum

150 2757 252 2798 rernm
282 2734 459 2798 memoriam
490 2732 643 2821 quomodo
665 2733 771 2820 religio
793 2734 978 2799 Pontificum
1000 2739 1157 2824 negligere
1179 2744 1302 2824 potuit?

153 2850 238 2930 Quae
268 2848 394 2934 quidem
423 2870 470 2911 res
500 2870 560 2911 non
589 2849 668 2934 fugit
689 2847 861 2926 Clericnm‚
885 2848 957 2927 sed,
982 2862 1016 2914 ut
1036 2853 1078 2915 ita
1100 2852 1220 2933 dicam,
1242 2857 1305 2920 τῶν

151 2961 367 3054 Ἱεροφαπῶν
404 2953 730 3052 ἱεροφαντικώτερος,
769 2985 806 3026 ex
844 2965 916 3048 ipsis
954 2964 1119 3030 canalibus
1153 2967 1303 3033 maximis

151 3082 246 3166 petita
274 3079 389 3156 voluit,
420 3099 626 3164 quaecunque
656 3078 812 3164 prodigia,
842 3091 962 3165 practer
990 3083 1111 3146 livium
1141 3085 1175 3148 in
1205 3086 1304 3169 prima

72 3277 74 3286 .
152 3194 350 3257 Historiarum
370 3204 469 3278 parte,
490 3192 606 3255 Ennius
623 3195 886 3270 commemoravit,
905 3216 1109 3284 quaecunque
1129 3200 1303 3264 Romanum

151 3306 255 3372 orbem
287 3308 454 3392 spectantia
483 3307 631 3392 Virgilius
661 3318 691 3370 et
720 3308 752 3370 in
774 3308 866 3371 Fastis
887 3311 982 3396 inque
1003 3311 1122 3378 duobus
1144 3318 1303 3400 postremis

152 3421 433 3507 Metamorphoseon
466 3420 550 3484 libris
580 3420 707 3485 Ovidius
739 3425 853 3487 cecinit
886 3423 944 3512 (l).
974 3427 1044 3493 Vid.
1078 3429 1142 3493 eius
1173 3453 1204 3516 p.
1237 3434 1300 3511 24,

189 3709 228 3779 (1)
248 3707 315 3762 Sunt
341 3725 403 3762 vero
429 3707 509 3763 etiam
535 3707 586 3762 alia
612 3705 714 3774 multa,
742 3725 809 3778 quae
835 3708 870 3762 ad
898 3741 910 3767 r
919 3709 1025 3765 tabulas
1049 3730 1170 3767 aunuasr
1190 3712 1307 3769 Clericus

152 3805 287 3862 referenda
304 3808 383 3878 putat
402 3807 438 3878 (p.
460 3806 493 3864 27
513 3809 577 3878 sq.):
598 3805 668 3877 leges
691 3805 837 3879 principes,
860 3807 996 3880 inprimis
1015 3828 1081 3881 quae
1093 3810 1127 3866 ad
1143 3810 1185 3866 ius
1205 3830 1308 3868 sacrum

153 3903 286 3976 pertinent
305 3903 375 3974 (Liv.
394 3903 419 3958 I.
445 3903 492 3975 32':
519 3935 531 3962 r
542 3902 583 3958 ius
606 3903 764 3973 Fecialium,
790 3924 842 3977 quo
866 3924 907 3961 res
930 3909 1135 3980 repetunturr),
1150 3909 1308 3982 templorum

153 3999 315 4071 aliorumque
332 4004 560 4056 monumentorum
576 4000 768 4070 dedicationes,
790 4007 822 4058 nt
838 4004 927 4076 pontis
942 4004 1046 4060 sublicii
1064 4005 1101 4076 (V
1102 4024 1153 4061 arr.
1171 4006 1204 4063 L.
1221 4007 1253 4063 L.
1271 4007 1306 4065 V.

155 4099 214 4170 83),
232 4098 352 4154 conditae
372 4097 489 4154 coloniae
509 4098 593 4169 (Irin,
612 4099 682 4155 Vell.
700 4100 777 4168 Pet,
792 4104 914 4173 parom),
932 4101 1049 4157 virorum
1065 4101 1195 4158 clarorum
1216 4103 1307 4161 obitus

156 4197 227 4267 (Liv.
249 4197 318 4253 VH.
342 4199 358 4251 1
383 4199 460 4269 etc),
485 4199 590 4253 statuae
614 4197 717 4269 publice
740 4199 860 4256 decretae
885 4200 963 4271 (Plin.
988 4201 1023 4257 N.
1041 4199 1078 4256 H.
1097 4201 1226 4259 XXXIV.
1245 4205 1311 4275 11),

155 4294 221 4350 aliae
239 4313 281 4350 res
298 4295 493 4352 vetustissimae
511 4295 620 4365 aetatu,
639 4314 706 4368 quae
724 4297 828 4368 quando
845 4297 933 4353 factae
950 4297 1004 4353 sint
1023 4299 1138 4355 traditur
1157 4303 1312 4371 (arramato

156 4412 215 4448 cccc
241 4395 294 4449 tear
320 4394 421 4466 dolel).
471 4397 541 4450 otest
567 4397 717 4466 practerea,
742 4394 843 4450 Clerico
866 4398 951 4462 teste,
985 4413 1018 4450 ex
1041 4396 1120 4452 Livio
1146 4397 1266 4455 XXVH.
1295 4403 1311 4456 8

158 4492 202 4564 (cl.
227 4493 291 4566 Gap.
312 4493 328 4549 Ι
351 4513 377 4566 p.
403 4495 448 4568 30)
472 4495 554 4562 effici,
577 4493 605 4549 in
631 4495 765 4549 casalibus
789 4495 940 4565 Pontificum
965 4494 1160 4569 circumscripta
1184 4499 1312 4569 quaedam

158 4589 216 4646 iura
239 4591 335 4662 icisse,
361 4607 428 4664 qnae
453 4591 564 4665 singulis
588 4589 785 4662 magistratibus
810 4609 874 4663 prae
891 4591 951 4648 aliis
967 4580 1144 4666 competerent
1161 4597 1224 4667 (tce
1240 4598 1314 4668 qu'oa

855 4701 858 4704 ’
1148 4694 1165 4746 6
