3150 5275
652 437 785 515 'aa

185 650 350 715 Consulum
374 648 547 711 nominibus
566 660 597 714 et
619 651 747 715 aliorum
771 653 1021 738 magistratuum,
1054 649 1145 737 digna
1167 660 1336 715 memoratu

185 764 352 841 natavisse,
382 762 464 826 domi
491 763 699 850 militiaeque,
728 776 804 830 terra
834 766 972 853 marique
1000 776 1103 850 gesta,
1126 788 1184 852 per
1205 767 1339 850 singulos

186 876 250 941 dies
261 900 299 954 »ς
323 888 450 941 -tum
471 878 620 964 originem
642 880 805 944 annalium
825 882 849 944 si
871 882 1053 967 repetimus,
1071 892 1106 944 ut
1127 883 1222 967 repeti
1240 882 1341 945 omni·

188 1014 228 1057 no
257 990 368 1071 debet,
390 1016 427 1056 ex
448 996 672 1058 commentariis
698 995 901 1073 Pontificum,
933 994 1023 1059 nudis
1052 1006 1084 1059 et
1113 998 1202 1081 ipsis,
1232 1007 1340 1060 ornatu

189 1108 273 1170 omni
313 1108 455 1171 orationis
495 1117 641 1194 tanquam
675 1118 755 1173 veste
777 1108 929 1185 detracta,
961 1108 1039 1173 nihil
1068 1122 1113 1174 est
1140 1111 1221 1197 qnod
1252 1110 1342 1174 dnbi-

185 1235 304 1301 temus,
337 1246 376 1287 an
402 1225 432 1286 in
457 1222 516 1286 hoc
539 1225 609 1288 exili
629 1236 720 1311 atque
741 1224 825 1288 arido
845 1226 991 1289 sermonis
1014 1247 1126 1310 genere
1148 1228 1212 1311 ipsa
1240 1246 1342 1287 rernm

186 1338 348 1425 descriptio
370 1362 387 1403 a
410 1341 496 1403 tenui
516 1340 569 1403 illa
590 1350 620 1401 et
637 1339 740 1402 ieiuna
764 1340 898 1416 ratione,
928 1360 1008 1425 quae
1027 1342 1102 1403 solet
1131 1362 1194 1403 esse
1215 1337 1343 1405 Chroni-

186 1474 293 1517 eorum
325 1455 467 1539 propria,
497 1454 647 1540 cuiusque
672 1456 764 1519 etiam
786 1456 887 1519 Livius
907 1453 990 1518 haud
1011 1475 1078 1517 raro
1098 1455 1222 1541 vestigia
1244 1475 1343 1516 serva·

192 1568 256 1645 rit,
277 1566 362 1631 valde
381 1568 498 1632 diversa
519 1569 652 1659 luerit!

236 1682 299 1745 lam
321 1705 338 1745 a
361 1683 459 1746 verbis
481 1681 520 1747 ad
544 1706 590 1747 res
620 1686 800 1761 transituro,
829 1686 862 1748 in
891 1686 1055 1749 annalibus
1075 1686 1209 1769 publicis
1230 1708 1346 1751 memo·

191 1808 284 1873 ratas,
320 1798 400 1860 venit
429 1796 506 1860 mihi
536 1799 569 1861 in
594 1809 728 1862 mentem
756 1820 900 1863 versuum
919 1799 1038 1877 Ovidii,
1062 1823 1138 1887 qnos
1161 1802 1252 1885 paolo
1274 1814 1346 1865 ante

193 1912 377 1997 spectabam.
411 1913 462 1975 Ait
491 1913 591 1990 enim,
623 1935 721 1999 quum
752 1914 859 1978 iubeat
887 1938 905 1978 a
938 1916 1080 1979 matronis
1115 1915 1277 1981 «studiosis
1306 1918 1345 1979 si·

195 2026 307 2089 nistri»
330 2026 433 2090 abesse
456 2026 601 2103 annales,
624 2028 699 2091 uta
721 2050 817 2113 puero
839 2030 955 2093 telum:

303 2138 474 2225 Sumpserit
493 2144 637 2220 annales;
661 2180 703 2190 —
725 2141 807 2207 nibil
829 2154 873 2208 est
895 2143 1044 2208 hirsutius
1065 2144 1151 2214 tun,-
1175 2183 1217 2197 .‚

346 2255 443 2321 Facta
464 2256 503 2320 sit
524 2254 606 2321 unde
623 2277 737 2341 parens
759 2258 823 2322 llio
844 2279 953 2343 nempe
976 2259 1064 2343 leqet.

304 2369 493 2455 Summanu,
517 2370 694 2435 Aeneadum
715 2372 852 2457 penitrin
874 2372 927 2435 ubi
947 2374 1051 2457 primo
1073 2374 1223 2459 requiret,

344 2484 521 2549 Aeneadum
543 2486 681 2571 penuria
702 2486 783 2550 unde
805 2488 846 2552 sit
866 2487 951 2551 almo
977 2486 1086 2553 Vanus.

194 2603 281 2687 Quae
317 2602 391 2690 quid
424 2601 582 2667 memoro?
611 2602 676 2668 Non
709 2601 792 2690 quod
826 2604 918 2668 relata
947 2603 985 2667 ad
1009 2602 1195 2689 Pontificum
1217 2603 1345 2668 crinales

192 2718 338 2795 memini,
359 2729 394 2781 ut
416 2719 495 2782 male
517 2716 556 2780 ad
578 2719 730 2782 Ennianos
745 2717 804 2806 (l),
824 2718 875 2782 sed
896 2717 977 2805 quod
998 2721 1034 2782 iis
1059 2721 1140 2782 velut
1164 2718 1346 2805 descriptam

193 2832 299 2910 video,
323 2855 416 2919 quarn
441 2833 588 2896 rationem
611 2834 714 2918 plures
735 2833 790 2896 riri
814 2833 896 2897 docti
918 2832 963 2896 his
985 2833 1145 2897 annalibus
1177 2834 1344 2918 affingunt,

193 2949 247 3035 qui
281 2949 391 3035 priscas
419 2950 485 3012 illas
513 2949 650 3024 fabulas,
682 2969 813 3033 quarum
846 2949 934 3030 plena
964 2959 1009 3011 est
1039 2947 1161 3012 historia
1189 2950 1345 3024 Romana,

192 3074 311 3127 tantum
329 3083 391 3125 non
412 3084 516 3127 omnes
540 3063 621 3126 velut
643 3085 680 3126 ex
702 3063 784 3126 fonte
807 3062 913 3126 ductas
936 3065 1041 3126 volunt
1062 3089 1098 3129 ex
1121 3049 1269 3128 menimis
1291 3085 1346 3127 au-

193 3171 326 3238 nolibus.
349 3172 441 3236 Cuius
453 3184 555 3237 tamen
574 3175 758 3250 sententiae,
776 3173 927 3259 quidquid
940 3176 1085 3261 anquira,
1102 3177 1229 3241 idoneus
1240 3188 1347 3240 auctor

196 3308 259 3350 sese
280 3287 384 3349 nullus
406 3285 482 3350 mihi
506 3286 608 3364 offert,
633 3309 672 3350 ne
694 3309 794 3350 unum
825 3287 951 3373 quidem
977 3289 1098 3354 invenio
1121 3291 1277 3376 probabile
1299 3314 1347 3354 ar·

195 3413 389 3497 gumentum.
413 3401 590 3467 Absurdum
612 3403 650 3465 sit
674 3401 749 3466 velle
771 3425 893 3466 omnem
917 3402 1072 3469 historiam
1093 3406 1261 3470 fabulosam
1292 3427 1347 3469 aa·

195 3516 319 3582 nulibus
349 3517 536 3602 Ponlifioum
565 3517 761 3593 abiudicare,
797 3529 831 3579 ot
860 3539 939 3604 quae
969 3516 1006 3581 de
1036 3520 1169 3582 Romulo
1190 3522 1350 3606 Remoque

195 3635 289 3700 Marte
317 3645 402 3718 patre
434 3634 542 3720 genitis
571 3645 600 3697 ct
621 3631 653 3696 id
677 3654 772 3718 genus
794 3633 854 3696 alia
876 3634 908 3695 in
934 3633 1002 3697 satis
1025 3634 1113 3698 Urbis
1135 3635 1349 3721 antiquissimis

195 3763 267 3815 sunt
297 3751 430 3826 interta3
464 3758 495 3810 at
522 3747 547 3810 si
578 3747 647 3833 quis
678 3746 916 3811 innumerabiles
947 3748 1014 3810 illas
1044 3747 1177 3826 sabulos,
1212 3769 1290 3833 qnae
1320 3759 1352 3810 et

197 3867 313 3950 prolixe
336 3863 488 3949 expositae
510 3871 540 3924 et
564 3859 636 3922 inde
659 3859 698 3922 ab
720 3860 839 3924 excidio
861 3862 968 3925 Troiae
990 3863 1136 3946 repetitae
1166 3864 1260 3948 inque
1289 3864 1350 3927 Re·

196 3999 275 4064 gum
297 3977 488 4041 Albanorum
511 3972 634 4044 historia
657 3976 869 4051 continuatae,
901 3978 933 4040 in
958 3977 1085 4062 privatos
1107 3977 1229 4040 annales
1251 3988 1354 4062 postea

197 4095 325 4158 insertae
348 4104 436 4170 sunt,
469 4113 580 4176 magna
611 4113 647 4153 ex
675 4101 759 4175 parte
791 4091 830 4155 ad
858 4091 996 4176 publicos
1017 4091 1188 4155 referendas
1211 4100 1350 4168 censeat,

202 4271 526 4288 Μ

235 4380 273 4449 (1)
302 4376 346 4432 Ad
366 4377 414 4432 hos
430 4376 560 4448 periinere
582 4372 698 4430 Clericus
715 4375 864 4448 suspicatur
892 4396 917 4450 p.
935 4376 984 4444 32,
998 4378 1056 4431 inm
1073 4373 1153 4431 eiiam
1169 4372 1305 4428 Vahlenus
1325 4391 1351 4444 p.

198 4475 293 4532 XXXI
319 4479 346 4531 et
372 4476 421 4542 103
448 4473 518 4546 quod
534 4473 625 4530 miror:
641 4491 701 4528 nam
724 4489 831 4544 prorsus
851 4491 893 4529 me
909 4473 995 4546 fugit,
1013 4474 1135 4547 quereri
1151 4471 1236 4548 specie
1251 4470 1354 4545 possint

197 4572 218 4628 ii
236 4591 326 4630 versus
343 4573 377 4630 ed
394 4573 547 4646 unusquam
564 4575 667 4630 annales
683 4570 760 4628 trahi.

1210 4678 1225 4724 5
