3150 5275
827 486 867 550 78

266 690 377 755 tabulis
399 689 458 753 11113
483 687 569 778 (quas
592 699 693 751 tamen
717 686 953 750 incertissimum
975 697 1020 749 est
1034 706 1074 751 au
1093 684 1258 775 descriptas
1278 689 1341 777 ipse
1368 691 1418 754 in·

264 803 423 890 spexerit),
446 804 533 867 utin
560 821 665 867 earum
688 802 859 866 testimonia
882 802 944 865 sire
966 803 1176 867 auctoritatem
1209 804 1282 868 reiit
1306 804 1418 870 iurare.

263 916 335 982 Eius
357 918 452 1005 igitur
468 918 528 981 loci
547 918 640 980 altera
664 938 732 1002 pars
753 915 793 981 ad
819 916 982 1003 Polybium
1010 918 1116 981 referri
1142 928 1267 984 eatenus
1299 929 1417 1003 potest,

262 1043 297 1095 ut
318 1031 403 1096 huno
426 1031 535 1095 tabulis
557 1031 740 1096 Pontificum
764 1031 935 1117 plurimum
946 1029 1020 1094 fidei
1032 1030 1173 1095 tribuisse
1190 1042 1343 1117 putemus,
1356 1052 1417 1095 uon

261 1146 433 1223 affirmasse,
456 1146 567 1210 debere
587 1168 617 1211 se
636 1147 710 1225 illis,
732 1168 825 1233 quam
845 1146 878 1211 in
902 1144 1039 1210 historiis
1059 1147 1121 1211 suis
1147 1155 1342 1232 sequeretur,
1361 1167 1416 1209 an·

261 1282 372 1325 norum
393 1260 670 1347 computandorum
693 1263 853 1328 rationem.
876 1259 980 1343 Quid,
1001 1260 1083 1348 quod
1103 1260 1262 1347 Dionysius
1278 1259 1337 1325 boc
1355 1271 1418 1324 tra-

210 1376 212 1381 ’
262 1376 334 1441 dere
357 1378 382 1439 si
406 1376 563 1455 voluisset,
587 1398 641 1461 pro
672 1368 742 1442 οὐδ’
763 1414 804 1428 -
828 1368 1001 1443 ἀπολιπεῖν
1032 1376 1196 1462 scripsisset
1224 1364 1434 1441 doctmoivi·

261 1493 374 1577 Utique
398 1492 491 1555 etiam
514 1493 627 1555 mirum
650 1490 805 1569 rideatur,
826 1491 1027 1556 Pontificibus
1049 1488 1204 1555 conditam
1224 1490 1354 1552 Romam
1375 1486 1414 1551 ad

262 1604 311 1673 01.
335 1607 404 1675 VII.
428 1608 447 1669 b
469 1606 686 1684 referentibus,
718 1606 848 1671 Fabium
881 1608 1018 1672 retulisse
1046 1604 1085 1669 ad
1118 1602 1168 1668 01.
1201 1602 1286 1671 VIII.
1311 1609 1348 1681 l,
1378 1601 1418 1665 ad

259 1720 310 1786 01.
333 1704 403 1785 1111.
427 1723 446 1784 4
466 1720 623 1785 Cincium:
649 1743 722 1785 nam
743 1722 783 1784 ab
806 1720 853 1785 bis
875 1720 982 1784 saltem
1005 1716 1220 1804 exspectabas,
1244 1727 1279 1780 ut
1299 1738 1337 1780 ex
1358 1738 1416 1802 pu·

258 1836 347 1899 bIIcis
375 1835 601 1900 commentariis
631 1855 696 1897 rem
726 1843 865 1918 peterent
897 1833 956 1896 iliis
980 1828 1167 1915 temporibus
1187 1830 1221 1891 in
1242 1828 1348 1914 primis
1367 1829 1415 1891 in-

261 1961 374 2015 certam
404 1960 497 2036 atque
528 1950 688 2034 exploratu
719 1948 877 2013 difficilem
900 1947 959 2036 (1).
989 1949 1161 2024 Postremo,
1191 1946 1246 2033 qui
1276 1944 1415 2009 inlibris

259 2063 298 2128 de
318 2087 350 2128 re
373 2064 496 2149 publiea
518 2063 683 2128 scribendis
704 2062 834 2127 annales
855 2063 1009 2127 maximos
1030 2063 1150 2148 saepius
1177 2058 1335 2137 adhibuit,
1365 2058 1415 2124 ci·

209 2184 211 2191 ’
260 2201 350 2257 cero,
371 2201 431 2266 qua
457 2179 581 2244 tandem
603 2201 695 2262 causa
716 2190 886 2243 commotus
914 2178 989 2242 dixit
1018 2179 1060 2244 II.
1084 2180 1140 2241 10:
1178 2177 1254 2254 «Si,
1279 2174 1310 2239 id
1331 2174 1415 2262 quod

263 2292 447 2357 Graecorum
478 2296 676 2380 investigatur
708 2293 892 2371 noualibus,
922 2275 1022 2358 Itome
1049 2292 1172 2357 condita
1204 2304 1248 2356 est
1279 2290 1415 2356 secundo

256 2429 338 2471 anno
348 2406 536 2493 Olympiadis
547 2408 693 2493 septimae
707 2407 804 2472 ·-›>?
828 2408 920 2489 Quod
941 2383 1079 2486 induxit,
1102 2408 1239 2494 inquies,
1259 2404 1413 2470 dicentem

256 2522 450 2607 Scipionem,
483 2522 600 2609 Polybii
630 2521 837 2608 discipulum,
868 2525 943 2587 meis
973 2520 1051 2589 mibi
1085 2522 1182 2586 verbis
1206 2518 1409 2606 respondens,

256 2650 290 2702 ut
309 2639 350 2702 ait
370 2639 422 2701 ille
444 2638 484 2703 II.
509 2640 549 2703 14
569 2661 593 2704 3.
616 2639 655 2704 1.;
692 2661 708 2703 <r
718 2640 892 2725 Sequemur
922 2639 1006 2702 enim
1036 2637 1227 2723 potissimum
1249 2635 1412 2722 Polybium

255 2764 410 2830 nostrum,
439 2775 502 2840 quo
524 2775 615 2817 nemo
636 2755 696 2818 fuit
714 2756 746 2817 in
769 2752 965 2840 exquirendis
986 2752 1174 2838 temporibus
1196 2751 1409 2838 diligentior».

256 2868 352 2932 Recte
374 2879 408 2931 tu
429 2866 572 2954 quidem3
603 2867 655 2932 sed
685 2867 904 2932 secundarium
927 2865 986 2930 boc
1009 2879 1072 2946 est,
1104 2889 1165 2938 non
1188 2879 1292 2954 caput.
1316 2866 1412 2931 Omni

257 2991 430 3067 temporum
455 2981 586 3059 indicio,
614 2981 696 3068 quod
718 3005 870 3048 annorum
890 2983 1026 3046 numeris
1047 2982 1152 3062 fieret,
1176 2985 1210 3048 iu
1231 2983 1335 3069 patriis
1354 3003 1411 3047 uu-

256 3093 380 3158 33111313
402 3093 589 3180 Pontificum
610 3097 736 3176 omisso,
761 3098 801 3161 ad
822 3097 899 3160 alios
919 3097 978 3160 t'uit
998 3097 1138 3163 Ciceroni
1158 3095 1410 3185 confugiendum.

256 3209 340 3290 Quid
362 3208 480 3295 igitur?
512 3210 549 3275 In
576 3211 689 3275 Latinis
717 3212 914 3299 scriptoribus
942 3224 1063 3277 certum
1080 3213 1192 3278 ducem
1213 3235 1312 3299 quum
1332 3211 1413 3276 desi-

256 3323 393 3402 deraret,
411 3324 566 3390 Graecum
587 3338 709 3392 secutus
730 3339 793 3404 est,
817 3327 869 3392 sed
890 3350 983 3415 quem
1004 3329 1038 3391 in
1056 3349 1136 3391 care
1159 3337 1340 3413 cognoverat
1361 3323 1408 3388 di·

256 3441 506 3527 ligentissimum,
537 3455 571 3507 ut
599 3452 663 3506 erat
691 3443 783 3506 sImuI
816 3443 955 3506 omniurn
979 3444 1112 3508 maxime
1141 3442 1287 3522 idoneus,
1315 3463 1408 3528 quem

254 3564 412 3618 auctorem
434 3555 538 3640 Scipio
559 3551 706 3622 laudaret.

297 3671 363 3734 Iam
392 3693 498 3758 rogare
527 3671 605 3736 mibi
634 3695 733 3737 unum
763 3675 873 3750 liceat,
912 3674 1091 3759 priusquam
1121 3670 1161 3735 ad
1199 3694 1271 3736 eum
1304 3672 1409 3736 Iocum

255 3785 418 3866 accedam,
441 3798 559 3873 praeter
581 3809 675 3873 quem
695 3788 814 3873 rsperi0
832 3786 964 3866 nullum,
981 3788 1036 3874 qui
1060 3787 1151 3872 possit
1170 3787 1262 3873 pleno
1280 3787 1347 3851 iure
1368 3785 1407 3850 ad

293 4187 330 4256 (1)
351 4185 449 4241 Contra
475 4185 616 4241 Karstenio
638 4183 689 4242 1.1.
706 4205 732 4259 p.
751 4186 783 4240 29
802 4186 866 4241 hoec
881 4183 936 4241 iere
953 4187 1104 4252 causaest,
1121 4202 1169 4239 cur
1184 4181 1213 4238 in
1229 4182 1408 4240 emendatione

256 4284 394 4342 Niebubrii
412 4264 628 4359 (Ἀρχῑὲρέὕσι)
645 4304 697 4341 non
718 4285 875 4359 acquiescat.
903 4285 1102 4358 sQuaecunque
1128 4285 1219 4343 tabula
1243 4286 1295 4342 ista
1311 4285 1407 4353 fuerit,

254 4383 353 4455 inquit,
370 4403 428 4440 eam
446 4383 528 4440 serius
545 4385 643 4440 factam
659 4404 715 4440 csse
732 4385 775 4441 vel
793 4403 827 4441 err
842 4404 873 4441 eo
890 4385 1013 4457 coIIigas‚
1031 4384 1102 4457 quod
1118 4384 1150 4440 de
1165 4383 1246 4440 Urbis
1254 4401 1322 4439 enno
1330 4386 1406 4439 tanta

254 4481 324 4537 inter
349 4483 481 4539 1113313303
510 4483 649 4556 scriptores
676 4483 729 4539 fuit
755 4483 897 4554 dissensio,
923 4489 1023 4557 quanta
1046 4502 1181 4558 nunquam
1204 4481 1313 4550 fuisset,
1338 4481 1406 4537 siin

256 4580 411 4637 Pontificum
425 4583 516 4639 tabula
533 4588 602 4638 esset
617 4583 815 4656 consignatum.
914 4616 917 4623 ·
