3150 5275
739 490 758 550 5

162 691 233 757 saris
252 692 361 767 libros,
373 689 441 754 'uon
461 690 569 754 omisso
586 700 688 757 tamen
705 690 764 755 boc
785 692 939 759 Ciceronis
957 695 1091 774 iudicio,
1113 699 1134 763 l.
1152 699 1172 763 l.
1190 699 1313 765 txxv.

163 810 243 873 tut:
289 828 306 868 o
316 803 552 869 Commentarios
587 805 734 891 quosdam
768 810 886 893 scripsit
918 830 1021 875 rerum
1050 834 1189 890 suarum,
1231 813 1316 877 saldc

162 918 342 1008 probandos.
376 916 456 982 Nudi
490 919 573 983 cuim
604 932 691 1000 sunt,
722 924 797 987 recti
834 934 864 987 et
903 926 1040 1002 venusti,
1085 928 1168 991 omni
1208 938 1315 992 ornatu

163 1036 304 1100 orationis
333 1044 479 1118 tanquam
501 1045 582 1097 veste
613 1034 760 1101 detracta.
784 1036 846 1101 Sed
866 1036 941 1101 dum
971 1038 1066 1102 voluit
1096 1039 1170 1103 alios
1201 1037 1316 1104 habere

163 1163 284 1240 parata,
304 1148 385 1214 unde
407 1159 579 1227 sumerent,
612 1152 667 1237 qui
694 1151 809 1215 vellent
836 1152 968 1217 scribere
999 1152 1175 1230 historiam,
1207 1156 1316 1239 ineptis

163 1278 283 1354 gratum
314 1265 434 1328 fortasse
464 1263 555 1341 fecit,
579 1266 633 1351 qui
655 1267 754 1331 volent
775 1266 828 1330 illa
848 1266 1025 1329 calamistris
1051 1267 1221 1343 inurere,»
1250 1269 1317 1335 rell.

167 1379 466 1453 «Commentarium‚
508 1399 602 1465 quem
638 1379 676 1444 de
717 1382 776 1444 vita
821 1403 875 1445 sua
908 1381 1083 1443 summatim
1125 1380 1317 1467 breviterque

163 1497 359 1583 composuit»
384 1494 524 1558 Tiberius
543 1494 643 1581 Imp.,
665 1507 813 1560 memorat
844 1496 1007 1562 Suetonius
1026 1494 1058 1560 in
1083 1496 1144 1561 Vit.
1174 1496 1259 1571 ext,
1288 1506 1319 1560 et

163 1614 288 1690 Cicero,
312 1622 345 1675 ut
366 1610 485 1695 scripsit
516 1609 580 1694 ipse
613 1610 894 1675 «commentarium
923 1611 1098 1675 consulatus
1126 1609 1174 1672 sui
1202 1609 1318 1674 Graece

164 1728 366 1814 compositum
376 1749 413 1803 ι),
434 1723 568 1787 scribere
598 1724 739 1789 Latinum
771 1727 877 1789 saltem
905 1723 963 1788 sibi
997 1724 1152 1809 proposuit
1179 1721 1247 1810 (l),
1277 1724 1319 1788 ita

165 1846 243 1931 Epp.
270 1844 310 1907 ad
339 1843 405 1907 llis.
427 1841 467 1908 V.
489 1843 539 1905 lt.
564 1844 603 1905 10
627 1841 758 1904 Lucceio
776 1841 956 1925 pollicetur,
978 1840 1003 1902 si
1022 1839 1094 1903 velit
1119 1838 1250 1901 scribere
1280 1836 1318 1901 de

166 1961 257 2025 rebus
288 1960 366 2039 suis,
399 1957 610 2021 confecturum
641 1976 671 2019 se
711 1954 972 2018 «commentarios
1002 1974 1104 2016 rerum
1141 1952 1318 2017 omnium».

167 2074 244 2142 Cum
273 2074 387 2161 quibus
415 2071 489 2136 locis
505 2068 673 2134 conferenti
690 2067 776 2131 Brut.
795 2066 851 2131 111.
879 2071 934 2142 14,
964 2066 1018 2130 ubi
1047 2065 1129 2131 idem
1157 2065 1318 2150 Pomponii

167 2190 262 2255 Attici
289 2186 433 2253 noralem
460 2183 606 2250 describit
635 2204 652 2246 ιι
660 2180 795 2256 librum,
820 2201 883 2267 quo
904 2181 956 2244 ille
977 2200 1100 2244 omnem
1126 2200 1229 2243 rerum
1252 2201 1318 2244 me-

168 2306 298 2371 moriam
326 2302 457 2367 breviter
479 2309 511 2364 et
529 2294 747 2384 perdiligenter
776 2293 955 2378 complexus
976 2304 1066 2369 est»,
1087 2303 1171 2356 tauto
1192 2304 1319 2378 apparet

117 2412 118 2417 ’
169 2418 298 2498 clarius,
329 2426 397 2480 tum
423 2410 589 2478 memoriae
618 2419 651 2472 et
682 2405 878 2471 memoriales
905 2406 977 2470 libri
1002 2405 1068 2495 (t),
1097 2408 1153 2493 qui
1173 2405 1256 2470 baud
1276 2407 1320 2471 ita

171 2532 269 2598 multo
292 2540 358 2617 post
378 2524 572 2623 prodierunt,
602 2524 690 2588 cuius
710 2526 839 2587 naturae
858 2521 989 2598 suerint,
1020 2533 1086 2586 tum
1116 2521 1245 2606 potuisse
1264 2543 1320 2607 ge·

168 2647 298 2713 ueratim
336 2640 568 2708 commentarios
604 2640 727 2717 vocari,
762 2639 818 2726 qui
851 2648 951 2702 essem
981 2634 1132 2708 annales:
1169 2635 1202 2700 id
1234 2635 1317 2723 quod

167 2760 286 2827 Tullius
312 2759 378 2843 ipse
406 2755 479 2820 lacit
498 2754 520 2820 l.
542 2755 565 2820 1.
588 2755 658 2823 XV.
688 2756 746 2830 60,
771 2751 909 2818 tradens:
940 2752 1021 2816 «flia
1052 2751 1233 2816 Consulibus
1263 2750 1316 2837 (bl.

166 2871 319 2960 Cethego,
350 2872 385 2939 P.
414 2868 599 2958 Tuditano),
630 2879 665 2933 ut
690 2869 722 2934 iu
746 2866 900 2932 veteribus
920 2868 1146 2932 commentariis
1169 2869 1317 2951 scriptum

167 2983 229 3066 est,
259 2986 389 3052 Naevius
414 2996 459 3049 est
483 2996 620 3050 mortuus
628 3006 660 3049 a.
689 2981 829 3047 Dubitari
853 2981 936 3046 enim
959 2981 1007 3044 ιιι
1030 2990 1143 3065 potest,
1165 2981 1242 3067 quin
1265 2978 1316 3046 bic

166 3307 194 3367 id
218 3307 329 3378 statuit,
357 3326 410 3364 non
434 3308 529 3382 probat
551 3306 686 3380 exemplis.
719 3305 759 3362 Ut
794 3310 857 3363 suut
880 3291 1170 3381 ἀπομνημονεύματα
1202 3311 1271 3366 diota
1296 3317 1322 3369 et

160 3413 242 3484 saca
257 3411 423 3466 manarat
442 3409 486 3480 (a.
504 3408 639 3469 eruerat.
655 3406 713 3462 ιιιι.
731 3406 791 3463 cas.
809 3407 873 3464 ua
892 3408 934 3464 ιιι
951 3426 971 3463 ι.
981 3407 1028 3481 ι),
1044 3407 1084 3465 ιιι
1099 3409 1128 3464 a
1142 3409 1192 3465 hoc
1209 3394 1321 3469 maome

167 3510 410 3566 commentariorum
427 3528 509 3582 genus
526 3509 549 3565 is
565 3507 662 3564 titulm
692 3507 831 3575 convenit,
858 3510 890 3563 ut
917 3507 1008 3567 Bibuli
1038 3497 1183 3580 βιβλίδιον
1213 3494 1322 3583 μικρδν

167 3591 481 3685 ιιίιομνημονειιμοὶτωνΙ
502 3595 641 3685 Βρούτου
662 3609 821 3665 Plutarchus
837 3607 930 3665 laudm
946 3608 1003 3666 Vit.
1020 3610 1097 3668 Brut.
1113 3611 1196 3669 xm.

203 3716 242 3788 (1)
262 3714 303 3770 (tl.
326 3714 461 3786 Suriugar.
483 3713 528 3771 ll
540 3733 568 3787 p.
592 3714 634 3768 23.
663 3711 885 3767 Commentarium
905 3711 981 3768 illum
1002 3713 1103 3771 Graece
1118 3715 1246 3790 scriptum
1265 3715 1323 3790 ipso

168 3815 259 3874 cicero
274 3795 443 3887 ὑπόμνημα
454 3809 585 3884 appellat,
604 3809 672 3882 Epp.
689 3808 724 3865 ad
739 3808 801 3865 Art.
816 3808 857 3866 IL
876 3810 902 3867 1.
919 3810 945 3866 t.
1302 3866 1312 3887 ·

204 3916 243 3989 (2)
269 3915 381 3972 Illarum
407 3913 477 3987 apud
500 3911 615 3970 Gelliam
632 3909 731 3968 mentio
747 3911 791 3967 est
806 3910 844 3969 N.
860 3909 896 3969 A.
913 3910 965 3969 IV.
982 3913 1018 3981 6,
1035 3911 1070 3970 V.
1090 3915 1123 3983 6,
1139 3911 1191 3970 VI.
1210 3914 1226 3970 8
1232 3936 1241 3985 3
1259 3916 1320 3986 hos,

165 4013 318 4070 aMasurio
335 4011 432 4070 Sabim
449 4011 574 4086 scriptos,
592 4012 719 4068 memorat
734 4008 805 4067 idem
821 4009 858 4067 V.
876 4012 901 4068 6.
920 4011 963 4068 cf.
979 4010 1032 4069 IV.
1051 4012 1101 4081 20,
1126 4011 1178 4070 VI.
1197 4014 1228 4084 t,
1246 4013 1321 4072 Paul.

166 4111 229 4184 Dig.
252 4109 285 4169 L.
312 4112 355 4169 16.
377 4113 421 4168 tt.
447 4110 490 4167 Ex
515 4109 611 4183 quibus
634 4109 700 4167 locis
719 4107 791 4166 uua
807 4109 891 4167 Ianus
908 4108 1044 4168 vindicare
1061 4128 1122 4168 oum
1139 4112 1230 4186 paucis
1247 4111 1322 4170 libris

166 4209 302 4268 Macrobio
319 4208 374 4266 Sat.
392 4210 448 4266 ΠΙ.
468 4212 492 4267 6.
511 4210 546 4266 11
563 4209 739 4264 memorialiam
757 4206 885 4278 debebat,
903 4206 1072 4281 quodetiam
1087 4207 1116 4265 in
1132 4209 1196 4266 edit.
1215 4208 1322 4282 Bipont.

147 4308 294 4381 ‘scriptum
318 4306 436 4378 invenio,
460 4327 477 4364 a
501 4309 624 4380 corrupta
647 4305 820 4380 plurimorum
842 4305 963 4365 codicum
986 4303 1100 4362 lectione
1124 4308 1322 4366 memorabilium

168 4404 213 4466 Aa
234 4424 312 4462 usam
335 4404 447 4462 nominis
469 4405 536 4462 iacit
557 4406 587 4462 in
609 4404 700 4480 primis
723 4403 824 4462 Gellius
846 4403 875 4462 iu
897 4403 1077 4479 praelatione,
1096 4422 1150 4460 nou
1172 4407 1323 4463 umnam

169 4501 294 4572 laudans,
318 4501 388 4576 quod
410 4506 474 4560 sunt
496 4502 543 4576 qni
559 4503 671 4578 probare
687 4503 840 4572 videantur,
857 4501 905 4560 sed
920 4504 1085 4570 moriame,
1102 4504 1135 4558 ut
1150 4502 1193 4558 est
1209 4501 1242 4562 L.
1260 4503 1322 4561 Am-

170 4598 233 4672 pelii
248 4599 282 4657 ad
299 4599 448 4658 Macrinum
465 4601 527 4657 iiber
544 4604 699 4659 memorialia.
718 4601 761 4680 Gi.
779 4601 887 4661 saeua
905 4601 981 4659 Gaas.
998 4599 1073 4657 LVI,
