3150 5275
822 418 841 479 6

255 632 285 683 et
306 615 500 682 custodirent.
524 615 606 679 llaec
641 614 828 693 adversaria,
861 614 919 680 boc
953 607 1084 706 ἀρχεῖον
1106 618 1188 692 sire,
1224 627 1258 681 ut
1298 617 1407 681 Latino

255 733 379 797 nornine
397 728 515 808 dicam,
535 726 738 805 tabularium,
757 727 906 794 modone
926 731 1098 818 lignearum
1110 730 1283 796 tabularum
1296 732 1405 796 seriem

255 846 388 931 cogites,
418 844 519 907 Livius
539 841 702 929 utrobique
724 844 906 928 significarit
927 847 1083 923 universe3
1107 846 1216 925 libros,
1239 848 1294 934 qui
1317 849 1408 932 vulgo

255 970 286 1023 et
308 958 430 1043 proprie
452 955 613 1031 dicuntur,
641 977 700 1019 non
723 958 879 1023 indicavit.
902 960 1058 1038 Tabulae,
1082 960 1207 1046 publice
1227 962 1408 1046 propositae,

255 1072 296 1135 ab
324 1070 371 1135 his
402 1072 626 1133 commentariis
659 1073 699 1134 ita
728 1072 792 1135 lere
821 1072 954 1137 diversae
985 1074 1089 1152 luere,
1127 1085 1161 1138 ut
1190 1074 1336 1139 dilleruut
1368 1074 1409 1138 ab

255 1176 451 1277 ἆρχετῦποις
459 1175 649 1274 tirtdypcqror.
660 1187 691 1249 Si
703 1188 844 1273 exemplo
855 1209 902 1251 res
912 1188 1090 1253 illustranda
1112 1190 1166 1268 sit,
1179 1211 1215 1253 ex
1236 1191 1301 1275 ipso
1323 1189 1408 1252 Livio

255 1302 286 1366 id
316 1312 439 1388 petam,
469 1299 525 1365 ubi
553 1300 664 1366 samam
695 1324 892 1367 communem
922 1315 1043 1368 secutus
1075 1303 1166 1368 tradit
1200 1302 1237 1390 (Ι.
1272 1305 1322 1369 52.
1349 1301 1406 1389 2):

259 1416 375 1480 «Sacra
406 1414 547 1499 publica,
578 1425 612 1478 ut
640 1416 680 1479 ab
714 1418 813 1481 Numa
838 1416 982 1503 [instituta
1007 1430 1111 1496 erant,
1137 1456 1176 1467 -
1198 1441 1234 1482 ex
1255 1435 1409 1484 comarcu-

255 1530 345 1595 tora‘r's
371 1530 463 1616 Regis
485 1528 601 1617 (Ancus
630 1529 771 1619 Marcius)
795 1531 995 1609 Pontificem,
1024 1534 1056 1597 in
1078 1530 1185 1597 album
1205 1532 1316 1609 relata,
1338 1552 1409 1616 pro·

255 1666 368 1731 ponere
387 1645 419 1707 in
440 1642 564 1729 publico
586 1642 711 1709 iubet».
742 1644 798 1712 Cff.
820 1667 900 1732 quae
920 1645 959 1709 de
981 1646 1073 1711 Fastis
1092 1646 1240 1732 evulgatis
1263 1647 1409 1732 leguntur

256 1761 311 1825 lx.
340 1761 390 1824 46.
424 1763 453 1823 ti.
483 1757 525 1821 Ea
556 1758 650 1843 igitur
679 1780 773 1844 quam
807 1759 1019 1824 commendari
1049 1761 1314 1845 interpretatione,
1345 1780 1407 1823 non

256 1874 392 1961 quaesita
423 1873 555 1957 profecto
587 1894 643 1935 nec
673 1885 827 1951 contorta,
852 1875 954 1938 Livius
981 1874 1102 1937 sibimet
1124 1874 1188 1958 ipse
1208 1872 1406 1947 conciliatur,

256 2009 358 2074 neque
386 1986 561 2051 adversatur
586 1988 694 2051 ceteris
717 1989 931 2075 scriptoribus,
962 1988 1144 2076 quicunque
1173 1985 1407 2051 commentarios

258 2102 446 2188 Pontificum
474 2102 632 2166 laudantes
670 2101 762 2166 libros
807 2102 954 2189 quosdam
984 2102 1208 2165 intellexerunt.
1250 2098 1407 2176 Tandem,

258 2215 340 2304 quod
361 2216 452 2279 nimis
466 2213 524 2278 hac
542 2216 574 2278 iu
594 2237 626 2277 re
647 2216 830 2302 negligitur,
851 2228 904 2281 aut
915 2217 1044 2301 pessima
1062 2215 1309 2299 interpretatione
1328 2214 1409 2277 duce

261 2330 354 2396 efficit
386 2340 420 2394 ut
451 2329 674 2394 conturbentur
695 2341 726 2394 et
746 2342 898 2417 negentur
918 2332 1036 2406 omnia,
1066 2329 1193 2393 sibarm
1214 2330 1298 2393 Livio
1317 2330 1408 2393 luisse

258 2458 392 2511 mentem
414 2446 591 2522 statuimus,
614 2444 733 2510 tradere
762 2443 841 2508 nibil
863 2445 916 2508 ille
939 2445 1074 2521 ridetur,
1104 2442 1187 2530 quod
1216 2464 1277 2507 non
1299 2446 1407 2508 rationi

257 2560 294 2625 sit
313 2536 550 2624 consentaneum
574 2570 604 2623 et
624 2557 822 2644 temporibus.

299 2677 466 2764 Sequitur,
486 2686 522 2740 ut
549 2675 701 2739 absolvam
722 2675 868 2759 deinceps
896 2674 934 2737 de
957 2697 994 2737 ea
1014 2687 1097 2759 parte
1118 2676 1406 2738 commentariorum

256 2772 459 2869 Pontificum,
482 2812 561 2877 quae
584 2800 686 2875 postea
706 2791 737 2854 in
760 2789 909 2853 librorum
930 2787 1060 2852 sormam
1078 2788 1199 2853 redacta
1219 2801 1312 2876 atque
1338 2790 1405 2874 ipso

254 2907 307 2972 illo
319 2908 636 2990 tituloinscriptaesse
654 2904 784 2969 ridetur.
808 2905 888 2968 Raro
910 2903 1022 2968 bilibri
1035 2904 1214 2983 laudantur,
1237 2929 1296 2971 nec
1315 2905 1405 2995 quid-

255 3045 348 3111 quam
378 3023 454 3086 corti
472 3021 510 3086 de
528 3043 634 3085 eorum
656 3030 837 3106 argumento
859 3019 1014 3104 proditur;
1039 3019 1092 3085 sed
1112 3031 1195 3084 tanto
1216 3023 1312 3107 magis
1333 3042 1406 3085 curn

255 3136 404 3202 maximis
421 3134 585 3200 noualibus
605 3145 675 3199 sunt
694 3135 830 3210 confusi,
863 3135 1019 3220 aquibus
1039 3147 1143 3199 tamen
1166 3173 1206 3185 -
1235 3157 1304 3199 mea
1325 3134 1406 3197 dun-

257 3263 338 3316 taxat
361 3252 404 3314 sic
427 3261 471 3314 est
484 3250 558 3313 ratio
580 3287 621 3296 -
643 3248 735 3311 alieni
757 3248 901 3324 luerunt,
917 3260 1031 3313 etcum
1046 3249 1405 3334 librisPontificumsire

252 3362 441 3450 pontificiis,
465 3364 587 3448 proprie
617 3363 660 3426 sio
691 3361 801 3437 dictis,
823 3364 1009 3449 quibuscum
1029 3376 1136 3428 natura
1170 3365 1344 3442 coniuncti,
1373 3387 1405 3428 re

257 3477 334 3543 nibil
356 3475 530 3540 habuerunt
553 3496 728 3541 commune.

300 3593 389 3675 Quod
411 3592 618 3656 testimonium
640 3591 774 3674 primum
797 3613 931 3677 ponam,
960 3593 992 3656 id
1010 3595 1148 3658 Ciceroni
1171 3593 1319 3670 debetur,
1348 3597 1403 3682 qui

256 3706 341 3769 Brut.
365 3705 450 3772 XIV.
474 3704 515 3767 55
538 3724 546 3764 :
573 3703 778 3785 «Possumus,
802 3708 925 3794 inquit,
944 3709 991 3774 Ti.
1012 3709 1239 3778 Coruncanium
1258 3711 1406 3796 suspicari

254 3821 420 3896 disertum,
456 3817 538 3906 quod
573 3842 608 3884 er
642 3820 828 3906 Pontificum
851 3824 1079 3889 commentariis
1112 3826 1203 3914 longe
1235 3826 1403 3911 plurimum

254 3937 379 4024 ingenio
400 3935 527 4000 valuisse
550 3935 726 4003 rideatur».
749 3938 818 4001 Fuit
841 3949 944 4002 autem
963 3939 1191 4019 Coruncanius,
1211 3940 1292 4028 quod
1313 3943 1345 4005 in
1358 3941 1407 4005 his

255 4055 420 4141 praecipue
437 4050 529 4116 debet
549 4051 681 4127 attendi,
700 4054 764 4137 ipse
784 4051 922 4117 Pontifex
942 4056 1109 4133 Maximus,
1129 4058 1246 4140 primus
1263 4079 1280 4120 e
1299 4056 1404 4133 Plebe,

254 4167 459 4254 laudaturque
492 4176 615 4254 propter
636 4187 739 4229 rerum
760 4166 990 4250 pontificiarum
1011 4172 1169 4235 scientiam
1198 4192 1235 4235 ac
1264 4171 1405 4255 peritiam

255 4282 295 4345 ab
317 4305 370 4360 eo,
390 4283 445 4368 qui
466 4283 582 4367 scripsit
604 4284 769 4348 orationem
793 4307 848 4368 pro
871 4283 962 4349 domo
984 4307 1055 4361 sua,
1079 4287 1159 4352 LIV.
1187 4283 1257 4350 159.
1286 4286 1320 4349 Iu
1342 4305 1403 4368 qua

254 4397 377 4484 quidem
412 4398 545 4462 oratioue
578 4397 783 4482 fragmentum
814 4398 926 4486 legitur
960 4398 1055 4461 multo
1090 4401 1289 4483 praestantius
1322 4398 1401 4462 LIII.

255 4513 336 4590 156,
367 4534 429 4600 qno
455 4515 521 4578 loco
551 4513 711 4581 Pontifices
733 4517 776 4580 sic
795 4516 1037 4600 compellantur:
1062 4537 1079 4579 «
1088 4515 1128 4579 Ut
1149 4525 1279 4579 revertar
1301 4511 1340 4578 ad
1355 4515 1404 4576 ius
