3150 5275
449 983 791 1061 DISPUTATIO
823 988 1053 1063 cultior

728 1287 772 1327 DE

331 1543 778 1663 ruurnrnus.
824 1550 1170 1696 orituro.

612 1918 891 1931 -ι-----...

218 2164 390 2228 Sententiae
408 2165 522 2250 legenti
542 2164 675 2227 virorum
698 2162 875 2241 doctorum,
902 2165 957 2249 qui
977 2164 1017 2229 de
1044 2167 1250 2233 vetustissimis
1277 2166 1325 2231 hi-

176 2282 285 2345 storiae
308 2282 464 2344 Romanae
483 2277 688 2343 monumentis
709 2277 831 2362 plenius
850 2277 899 2341 rel
919 2280 1047 2344 strictim
1068 2293 1218 2368 egerunt,
1231 2280 1327 2347 videri

175 2396 301 2461 omnino
324 2398 436 2459 mirum
459 2393 567 2471 debet,
592 2403 707 2456 tantam
728 2414 790 2455 esse
811 2391 1035 2457 decanatibus
1056 2396 1204 2461 maximis
1232 2397 1330 2463 varie·
1379 2479 1381 2486 s

179 2520 272 2573 tatem
293 2510 491 2595 opinionum,
513 2520 548 2573 ut
569 2508 601 2571 in
632 2529 798 2592 permagno
827 2510 1007 2593 scriptorum
1035 2532 1164 2575 nomem
1193 2512 1241 2575 vix
1266 2510 1330 2575 duc

178 2625 391 2702 inveniantur,
424 2626 477 2712 qui
507 2623 590 2688 idem
617 2622 768 2688 iudicium
794 2624 928 2690 tulerint.
958 2624 1052 2692 Cuius
1079 2627 1123 2692 rei
1153 2648 1275 2692 causam
1306 2627 1332 2689 si

119 2765 122 2771 ·
177 2743 248 2828 quis
269 2753 413 2828 quaerat,
438 2741 516 2806 hanc
534 2739 679 2828 equidem
697 2742 730 2804 iu
746 2742 906 2805 nominum
925 2753 956 2806 et
973 2744 1132 2808 titulorum
1151 2746 1328 2810 confusione

179 2875 337 2942 pravaque,
359 2855 606 2940 interpretatione
635 2856 667 2920 in
697 2856 803 2941 primis
836 2857 928 2920 latere
946 2856 1091 2936 dixerim3
1123 2880 1185 2945 qua
1214 2860 1328 2923 ratione

175 2979 293 3056 quanto
316 2969 390 3034 liant
410 2968 539 3033 obscura
561 2969 754 3047 obscuriora,
776 2966 813 3033 ei
835 2992 866 3033 se
888 2971 1078 3058 intelligitur.
1099 2975 1207 3060 Itaque
1229 2976 1326 3060 quum

177 3082 307 3146 ooualer
335 3082 468 3147 maximi
496 3105 542 3147 res
568 3107 630 3148 esse
652 3084 829 3172 dignissima
851 3085 1043 3164 riderentur,
1068 3109 1162 3174 quam
1192 3111 1230 3154 ex
1250 3091 1329 3154 anti-

176 3217 309 3284 quorum
322 3196 499 3260 testimoniis
514 3219 616 3261 rursus
631 3200 662 3262 in
678 3197 930 3284 disceptationem
948 3222 1087 3265 vocarem
1098 3251 1106 3280 ,
1117 3204 1224 3266 veteris
1238 3225 1329 3290 prae-

177 3314 261 3400 cepti
291 3334 426 3391 memor,
457 3314 514 3376 nisi
540 3313 619 3376 hene
649 3312 870 3399 distinguatur,
902 3337 962 3379 non
986 3316 1065 3380 bene
1094 3317 1215 3396 doceri,
1245 3318 1327 3382 illius

176 3427 270 3490 etiam
290 3447 386 3513 quam
405 3426 547 3491 dicebam
566 3449 674 3491 causae
693 3438 763 3491 ante
781 3431 885 3494 omnia
903 3429 1075 3494 habendam
1097 3433 1243 3496 rationem
1271 3455 1329 3518 pu-

179 3539 251 3604 tavi.
273 3539 363 3620 Quod
386 3539 510 3626 quidem
533 3557 572 3605 ne
599 3542 675 3630 quid
697 3553 816 3606 ceterae
838 3543 1048 3629 disputationis
1068 3542 1168 3610 ordini
1196 3569 1232 3611 ac
1261 3535 1330 3633 per·

113 3728 116 3734 Ι
177 3652 335 3738 spicuitati
353 3651 483 3730 officiat,
494 3656 647 3740 optimum
664 3656 778 3720 lactum
794 3657 831 3719 sit
846 3656 876 3720 id
892 3659 1025 3741 primum
1037 3681 1127 3748 agere
1144 3671 1174 3725 et
1185 3683 1329 3726 seorsum.

664 3883 794 3949 CAPUT
824 3885 849 3950 l.

293 4129 331 4174 un
353 4128 451 4176 ttnats
474 4129 613 4186 tntrsouu
631 4131 842 4192 nonuunnrrs,
866 4133 945 4190 ouis
967 4131 1029 4179 cuir
1050 4133 1217 4180 tranctans

560 4245 690 4292 nrxrurs
709 4247 956 4320 conronnonrun.

222 4457 330 4542 Quum
350 4459 381 4521 in
401 4457 458 4522 hoc
481 4459 563 4522 velut
577 4457 710 4523 Cretensi
730 4459 904 4546 labyrintho
925 4462 1005 4524 viam
1026 4459 1161 4523 invenire
1181 4457 1264 4522 haud
1290 4459 1331 4522 iu

180 4573 272 4638 facile
290 4575 345 4653 sit,
365 4576 466 4638 nescio
488 4596 527 4639 an
551 4585 681 4660 praestet
702 4575 803 4641 statim
821 4597 858 4640 eo
880 4597 1005 4641 cursum
1022 4575 1175 4664 dirigere,
1197 4587 1232 4640 ut
1250 4586 1331 4640 vete-
