3150 5275
780 449 820 511 18

217 643 311 709 libros
333 642 520 727 Pontificum
543 666 596 727 pro
627 645 792 711 annalibus
828 668 1024 722 memorasse,
1055 664 1178 712 necesse
1212 658 1256 711 ert
1283 640 1374 735 ἱερᾶς

216 758 349 845 δέλτοις
365 758 529 845 'intelligat
559 752 650 847 ἱερᾶς
669 759 815 843 βίβλους.
845 763 924 826 Sunt
951 761 1075 825 omnino
1104 758 1212 827 δέλτοι
1239 759 1370 826 ludulae.

215 876 295 939 Hinc
319 896 387 953 vero
407 896 468 938 non
490 874 707 961 consequitur,
732 869 823 962 ἱερὰς
833 872 965 952 δέλτους
984 874 1102 938 tabulas
1125 873 1187 939 dici
1215 875 1330 961 populo
1354 898 1373 938 a
1403 870 1407 877 ’

216 988 363 1053 Pontifice
384 990 513 1053 Maximo
535 989 716 1075 propositas,
738 1010 878 1052 annuum
901 988 1099 1054 tabularium.
1123 991 1231 1075 Neque
1253 1013 1290 1054 ex
1313 988 1372 1053 boc

218 1105 437 1191 proficiebant,
456 1105 511 1189 qui
528 1102 660 1167 scribere
680 1124 725 1165 res
743 1104 952 1167 Romanomm
971 1106 1156 1189 cogitarent,
1170 1103 1223 1168 sed
1234 1105 1375 1168 universe

219 1242 253 1283 ex
286 1218 511 1283 commentariis
543 1215 746 1292 Pontificum,
779 1238 815 1279 ex
842 1216 993 1281 tabulario
1013 1228 1155 1294 aeterno,
1178 1217 1260 1304 quod
1283 1216 1375 1281 modo

214 1332 366 1396 dicebam.
387 1331 475 1412 Quae
496 1352 594 1417 quum
612 1332 654 1393 ita
684 1332 759 1406 sint,
790 1329 868 1394 mihi
896 1330 947 1394 hic
979 1333 1115 1419 Dionysii
1147 1333 1232 1396 locus
1264 1330 1372 1396 eadem

217 1447 333 1510 ratione
354 1445 554 1531 explicandus
576 1444 711 1523 videtur,
733 1466 795 1531 qua
817 1447 958 1510 Livianos
976 1467 1042 1509 sum
1063 1446 1295 1530 interpretatus,
1315 1466 1374 1509 nec

216 1585 300 1649 posse
320 1562 358 1627 ad
380 1553 524 1649 ndrnep'
539 1550 885 1649 Ἀρχιεριῦοιιιίνακο,
910 1562 964 1647 qui
974 1561 1066 1645 paulo
1085 1570 1153 1644 post
1169 1571 1373 1635 memoratur,

218 1679 256 1741 ad
268 1681 344 1742 solos
357 1677 590 1743 commentarios
603 1674 758 1739 historicos
769 1675 892 1751 referri,
904 1697 923 1738 a
933 1676 1047 1761 quibus
1067 1675 1160 1739 etiam
1180 1663 1297 1759 λόγους
1307 1674 1375 1737 illos

219 1796 393 1880 prolixiores
415 1794 529 1857 alienos
551 1790 744 1856 crediderim.
773 1791 915 1854 Ceterum
937 1790 978 1857 cl.
1011 1791 1134 1877 Dionys.
1163 1788 1202 1854 de
1233 1786 1374 1874 Thucyd.

218 1908 285 1975 iud.
307 1910 352 1985 V,
374 1929 466 1994 quem
489 1908 592 1969 locum
612 1904 686 1989 Cap.
709 1905 754 1967 Ill
776 1903 838 1968 buc
861 1904 1013 1969 rediturus
1032 1905 1212 1970 describam.

264 2025 368 2090 Tradit
400 2046 490 2110 porro
519 2021 681 2107 Dionysius
708 2020 763 2083 XI.
797 2022 839 2084 6⁶2.
872 2042 909 2083 cx
942 2018 1136 2107 τοῖςὶεραῒς
1158 2016 1269 2085 τεκαὶ
1293 2013 1376 2084 ἀπο-

220 2138 325 2214 aaron
345 2136 489 2221 βίβλοις,
520 2159 549 2199 a.
581 2135 619 2199 U.
655 2134 716 2196 509
750 2144 867 2197 creatos
898 2155 961 2197 esse
995 2144 1027 2197 et
1058 2131 1210 2197 Tribunos
1242 2132 1375 2195 militum

219 2254 370 2318 consulari
412 2261 557 2337 potestate
601 2260 631 2312 et
674 2248 840 2322 Consules,
885 2249 919 2313 L.
957 2248 1116 2333 Papirium
1150 2248 1374 2334 Mugillanum,

221 2368 253 2433 L.
278 2368 493 2451 Sempronium
518 2365 701 2429 Atratinum.
729 2363 836 2444 Quum
860 2364 929 2441 sint,
952 2364 1066 2450 quibus
1089 2363 1165 2428 haec
1188 2364 1225 2427 ad
1249 2362 1377 2427 annales

224 2482 379 2547 maximos
411 2482 563 2565 pertinere
596 2478 777 2553 rideantur,
811 2498 873 2563 quo
906 2476 938 2540 id
960 2479 1027 2541 iure
1049 2478 1119 2556 fiat,
1151 2475 1376 2563 dispiciendum

223 2607 277 2660 est.
308 2594 360 2658 Sic
389 2593 485 2679 igitur
507 2592 689 2678 Dionysius,
721 2592 814 2677 paulo
836 2602 907 2656 ante
930 2613 1023 2678 quam
1046 2591 1176 2656 foederis
1195 2592 1269 2656 lacit
1290 2612 1377 2655 men·

222 2714 336 2775 tionem
367 2732 438 2773 cum
472 2708 654 2774 Ardeatibus
698 2708 852 2772 renovati:
884 2697 993 2774 Λῦται
1022 2696 1082 2772 δίο
1102 2697 1255 2771 κοτᾶιὸν
1283 2696 1380 2772 arirdr

222 2816 364 2892 ἐνιαυτόν
386 2815 485 2912 ἀρχαὶ
498 2816 668 2907 Ῥωμαίων
682 2821 717 2890 οἱ
727 2814 767 2888 nd
779 2819 930 2908 μέγιστον
947 2816 1080 2905 ἔχουσαι
1092 2813 1210 2911 κροίιος
1229 2819 1380 2908 ἐγένοιτο.

222 2930 305 3026 πλήν
326 2929 383 3003 οὐκ
401 2932 435 3003 ἐν
454 2928 598 3013 ἁπάσαις
613 2941 685 3012 τοῖς
698 2928 894 3018 Ῥωμαὶιιαῖς
912 2936 1167 3026 χρονογραφίαις
1195 2926 1382 3026 ἀμφότεραι

224 3046 409 3138 φαίνονται,
431 3041 501 3113 ἀλλ’
520 3047 552 3115 ἐν
567 3042 620 3125 οἷς
632 3049 690 3132 μὲν
701 3045 1066 3137 οῐΧιλίαρχοιμόιον,ι’ν
1077 3043 1382 3132 αἷςδὲοῖὙιιοτοι,

223 3152 304 3229 ἕνού
315 3159 451 3235 πολλοῖς
463 3153 703 3250 δὀἷμφόιεροιι,
718 3151 770 3237 οἷς
777 3153 871 3251 ἡμεῖς
880 3154 939 3228 οὐκ
949 3155 1024 3230 ἄνευ
1032 3164 1187 3251 λογισμοῦ
1196 3184 1381 3251 συγκατατι-

226 3273 359 3360 bipede,
368 3265 573 3350 πιστεύοντες
584 3273 623 3342 δὲ
631 3280 703 3352 τοῖς
715 3275 749 3343 ἐκ
761 3277 834 3342 τῶν
850 3275 968 3366 ἱερῶν
982 3300 1023 3343 ιε
1041 3277 1096 3343 καὶ
1109 3269 1310 3344 ἀποθέτων
1325 3275 1381 3360 βί-

224 3393 324 3476 βλων
342 3389 546 3480 μαρτυρίοις.
568 3393 647 3456 Sane
671 3394 767 3477 ipsam
791 3391 945 3457 historiam
967 3394 1022 3480 qui
1044 3403 1177 3477 spectet,
1200 3414 1272 3455 eum
1292 3389 1375 3457 baud

224 3528 304 3591 nego
336 3507 481 3569 facillime
511 3504 618 3568 induci
649 3529 751 3591 posse,
785 3518 821 3570 ut
849 3507 928 3570 banc
966 3507 1178 3593 depromptam
1208 3505 1313 3572 credat
1341 3530 1377 3571 ex

224 3620 374 3685 maximis
394 3617 567 3697 aetralibus,
587 3620 619 3683 in
643 3643 718 3707 quos
740 3623 790 3684 vix
819 3621 948 3685 dubium
981 3631 1026 3684 est
1058 3622 1135 3706 quin
1158 3621 1265 3686 itidem
1286 3622 1380 3686 luerit

226 3738 336 3814 relata3
371 3735 422 3800 sed
458 3735 504 3798 his
547 3735 660 3799 finibus
694 3738 831 3800 contenti
863 3759 927 3799 esse
967 3736 1132 3813 iubemur,
1176 3758 1279 3824 neque
1318 3736 1379 3800 sola

227 3854 389 3938 fragmenti
428 3854 504 3915 ratio
542 3849 723 3929 attendenda
764 3863 819 3914 est.
856 3851 922 3945 lam
966 3853 1100 3936 primum
1139 3853 1222 3916 enim
1261 3863 1381 3917 tantum

228 3978 375 4055 apparet,
403 3989 441 4032 ne
465 3967 590 4031 titulum
612 3965 737 4052 quidem
760 3964 823 4029 dici
843 3987 948 4051 posse,
975 3988 1038 4053 quo
1067 3967 1229 4053 Dionysius
1259 3968 1382 4032 nomine

230 4085 344 4160 utitur,
370 4081 421 4145 scd
444 4081 574 4145 indicari
597 4080 765 4167 generatim
787 4091 1006 4158 monumenta,
1039 4102 1119 4168 quae
1143 4102 1228 4145 sacra
1249 4081 1382 4169 quadam

230 4196 367 4262 custodia
389 4197 551 4280 diligenter
574 4205 760 4259 tenerentur.
795 4195 859 4259 Hac
882 4207 984 4263 autem
1008 4197 1039 4259 iu
1063 4218 1095 4259 re
1117 4194 1225 4261 dubito
1247 4219 1286 4260 an
1309 4197 1381 4260 Dio·

230 4313 314 4398 nysio
347 4313 508 4398 quisquam
542 4308 737 4373 fluctuaverit
760 4309 871 4395 magis,
893 4311 965 4396 qui,
991 4320 1024 4373 ut
1046 4310 1186 4394 exempla
1208 4333 1269 4374 non
1292 4311 1382 4395 plane

229 4427 345 4492 diversa
376 4427 522 4500 alierum,
557 4424 675 4510 quoties
709 4422 739 4486 id
770 4445 867 4509 genus
901 4423 1189 4487 commentariorum
1222 4423 1382 4509 designat,

229 4541 316 4604 toties
346 4541 406 4605 sire
439 4539 592 4626 propriam
626 4561 679 4602 seu
712 4537 862 4616 dubiam,
896 4537 946 4601 scd
982 4558 1089 4602 noram
1124 4539 1235 4621 promit
1275 4538 1380 4605 inseri·
