3150 5275
835 441 875 503 44

278 647 375 714 Venio
403 645 440 710 ad
464 645 618 718 Plinium,
650 642 723 727 qui:
758 642 928 704 «Relatum
950 643 979 704 in
1002 652 1200 708 meritamente
1221 656 1282 721 est,
1306 646 1426 735 inquit,

278 762 356 825 lacte
386 771 416 823 et
448 760 595 845 sanguine
616 756 744 841 pluvisse
763 755 816 819 Μ’.
842 755 954 831 lcitio,
977 755 1010 820 C.
1034 756 1141 820 Porcio
1161 758 1263 836 Coss,
1286 774 1316 824 et
1335 785 1425 848 saepe

276 876 365 951 olias,
408 876 487 937 siout
527 894 618 936 earne
664 871 695 934 P.
728 871 925 946 Volumnio,
948 871 1053 934 Servio
1085 872 1223 956 Sulpicio
1253 874 1349 954 Coss,
1376 900 1428 941 ex-

277 1011 337 1077 que
374 1010 410 1051 ea
444 1009 505 1051 non
547 984 713 1070 putruisse,
756 983 838 1070 quod
881 1006 941 1048 non
982 984 1175 1069 diripuissent
1217 1010 1302 1066 ares3
1355 992 1429 1055 item

276 1104 356 1166 ferro
384 1104 416 1165 in
444 1102 573 1166 Lucanis
602 1120 682 1162 anno
715 1108 784 1162 ante
814 1119 907 1184 quam
938 1101 975 1163 ll.
1008 1100 1127 1165 Crassus
1158 1102 1313 1167 aParthis
1336 1107 1428 1169 inter-

279 1227 399 1301 emptus
441 1228 484 1279 est
536 1234 700 1299 omnesque
745 1233 818 1275 curn
870 1235 906 1276 eo
956 1212 1076 1277 Lucani
1118 1216 1243 1294 milites,
1301 1240 1432 1305 quorum

277 1352 406 1416 magnus
434 1351 580 1394 numerus
613 1329 644 1390 in
675 1328 811 1389 exercitu
842 1336 923 1402 erat3
955 1326 1070 1412 effigies
1102 1350 1181 1413 quae
1213 1331 1310 1415 pluvit
1340 1355 1430 1418 spon-

280 1467 406 1531 gearum
440 1447 503 1509 fere
537 1444 640 1507 similis
673 1442 746 1518 suit3
765 1439 958 1525 ,haruspices
1006 1457 1263 1525 praemonuerunt
1301 1468 1433 1532 superna

278 1561 413 1624 vulnera.
445 1559 478 1625 L.
512 1571 616 1623 autem
645 1556 759 1629 Paulo,
790 1554 822 1619 C.
850 1556 992 1619 Marcello
1012 1556 1112 1635 Coss,
1137 1560 1206 1622 lana
1231 1562 1329 1646 pluvit
1349 1566 1430 1627 circa

278 1678 437 1740 castellum
464 1675 686 1760 Compsanum‚
723 1672 806 1733 iuxta
834 1670 914 1756 quod
947 1682 1011 1755 post
1033 1694 1149 1738 annum
1172 1676 1206 1740 Τ.
1229 1676 1347 1740 Annius
1362 1676 1433 1740 ttito

278 1794 396 1855 occisus
406 1801 459 1855 est.
472 1790 586 1853 Eodem
608 1810 730 1853 causam
749 1787 871 1849 dicente
892 1786 1037 1849 lateribus
1055 1790 1148 1851 coctis
1167 1790 1296 1873 pluvisse
1314 1790 1346 1851 in
1365 1798 1433 1853 acto

279 1907 345 1969 eius
373 1906 446 1967 anni
476 1906 605 1968 relatum
631 1914 713 1966 est».
744 1901 854 1966 Totum
888 1900 971 1965 bunc
992 1902 1095 1966 locum
1115 1902 1223 1980 attuli,
1244 1923 1306 1988 quo
1323 1902 1432 1965 melius

280 2018 519 2105 ponderarentur
552 2020 681 2083 rationes
712 2015 839 2087 Clerici,
868 2015 923 2100 qui
953 2036 1051 2101 quum
1076 2017 1173 2100 prima
1196 2018 1316 2079 tant'um
1341 2015 1432 2079 rerba

280 2134 450 2209 describat,
479 2131 555 2197 baec
585 2134 701 2219 colligit
732 2155 763 2218 p.
787 2133 869 2196 227:
897 2130 1101 2215 «Prodigium
1124 2129 1201 2193 illud
1235 2131 1355 2215 pluviae
1388 2131 1432 2192 la-

280 2250 335 2313 otis
357 2259 387 2312 et
406 2250 560 2333 sanguinis
584 2251 714 2333 pertinet
741 2247 779 2310 ad
802 2270 830 2311 a.
851 2248 888 2311 U.
913 2245 976 2310 639
1012 2246 1121 2333 (640),
1144 2265 1205 2330 quo
1226 2266 1306 2307 auno
1327 2242 1435 2307 Ponti-

281 2362 376 2445 ficum
406 2361 533 2425 ooooles
560 2384 620 2425 non
647 2362 776 2446 amplius
811 2360 1060 2424 conficiebantur.
1101 2359 1179 2443 Ergo
1212 2358 1328 2421 Plinius
1351 2356 1433 2422 baud

282 2475 375 2539 dubie
407 2485 475 2538 octo
505 2476 627 2560 cogitat.
659 2475 753 2561 Atqui
785 2473 894 2538 eodem
916 2475 983 2537 loco
1003 2471 1173 2537 secuudum
1196 2472 1304 2537 eadem
1327 2492 1433 2535 moou-

282 2596 384 2652 meoto
415 2610 489 2653 oum
519 2590 613 2653 altero
639 2588 775 2674 prodigio
794 2588 870 2652 illud
894 2589 1028 2668 conlert,
1052 2588 1134 2677 quod
1156 2612 1174 2653 a
1196 2591 1232 2655 U.
1254 2589 1317 2654 292
1340 2587 1429 2678 (295)

233 2697 235 2702 ’
282 2704 398 2767 lactum
420 2706 451 2767 in
475 2704 639 2768 annalibus
664 2703 872 2793 (Pontificum)
893 2705 1043 2789 seriptum
1061 2726 1124 2768 esse
1142 2703 1258 2769 debuit.
1283 2705 1361 2789 Ergo
1373 2726 1434 2767 non

282 2821 378 2906 magis
401 2820 517 2883 Plinius
548 2842 642 2907 quam
672 2819 794 2882 Servius
821 2820 900 2882 iuter
922 2818 1049 2882 annales
1081 2818 1290 2906 (Pontificum)
1315 2828 1434 2884 etacio

281 2934 392 2999 diurno
415 2934 609 3021 distinguit»,
634 2935 678 2997 De
701 2955 762 3020 qua
786 2933 1049 3019 argumentatione
1071 2932 1146 3020 quid
1169 2933 1293 2999 dicam?
1322 2934 1435 2997 Confu-

282 3050 397 3112 sionem
421 3070 480 3112 non
502 3072 595 3136 urgeo
608 3047 666 3137 (1).
682 3033 803 3112 Perdita
817 3070 893 3111 ¹vero
911 3071 976 3124 res,
998 3070 1078 3134 quae
1101 3049 1155 3111 tali
1165 3049 1278 3112 auxilio
1289 3048 1433 3135 indigeat.

282 3164 454 3240 Postrem0‚
495 3175 528 3226 ut
569 3166 660 3227 etiam
696 3163 734 3226 de
764 3165 863 3228 Dione
891 3162 1063 3240 rideamus,
1101 3165 1189 3228 cuius
1228 3165 1434 3228 testimonium

282 3279 368 3363 turpi·
394 3278 631 3342 hallucinatione
662 3278 769 3342 Clerici
812 3277 855 3365 (p.
886 3276 962 3364 ⁶228)
998 3277 1142 3342 inductus
1170 3278 1435 3342 Lieberkuebnius

282 3391 372 3455 refert
412 3393 449 3455 ad
480 3416 507 3457 a.
540 3393 576 3457 U.
610 3392 689 3469 671,
725 3391 815 3455 tradit
832 3391 884 3455 ille
904 3392 1071 3456 Antonium
1093 3405 1123 3457 et
1141 3393 1291 3480 Lepidum
1313 3394 1438 3457 Trium·

283 3509 378 3582 viros,
401 3528 488 3594 «quo
506 3509 601 3594 magis
618 3506 657 3570 ad
676 3505 871 3570 trucidandos
889 3507 969 3569 cives
989 3509 1198 3593 impellerent,
1219 3519 1303 3573 metu
1315 3508 1436 3572 futurae

283 3642 398 3705 poenae
419 3624 503 3686 omni
524 3621 646 3698 demto,
670 3622 838 3706 promisisse
858 3621 1036 3685 satellitibus
1057 3623 1136 3701 suis,
1161 3621 1240 3685 nolle
1259 3644 1291 3686 se
1309 3623 1434 3686 nomina

281 3736 416 3821 ipsorum
443 3737 477 3798 in
506 3747 574 3798 octo
599 3735 805 3801 inscribere».
836 3737 923 3818 Quae
945 3759 982 3800 en
1004 3736 1241 3800 lieberlruehnii
1260 3738 1429 3803 Comment.

314 4081 353 4151 (1)
371 4079 412 4134 Ut
434 4078 497 4150 quid
520 4078 637 4136 Clericus
656 4080 771 4135 voluerit
792 4079 970 4151 intelligatur,
992 4099 1084 4137 moneo
1106 4081 1233 4136 Consules
1252 4081 1334 4136 luisse
1352 4100 1376 4136 a.
1395 4079 1430 4136 U.

282 4179 332 4232 293
350 4177 380 4233 P.
398 4176 581 4247 Volumnium,
599 4180 652 4236 Ser.
670 4179 813 4252 Sulpicium
835 4179 994 4248 cornuum,
1013 4199 1037 4235 a.
1055 4182 1107 4235 640
1123 4180 1171 4236 M'.
1189 4181 1305 4237 Acilium
1313 4181 1437 4250 Balbum,

281 4277 311 4332 C.
334 4275 455 4331 Porcium
478 4276 612 4335 Catonem.
634 4279 755 4334 Ceterum
778 4277 841 4332 talis
864 4277 1041 4350 prodigiorum
1056 4280 1180 4335 memoria
1197 4299 1303 4354 prorsus
1320 4280 1390 4336 cedit
1408 4280 1436 4336 in

280 4376 384 4428 annales
400 4375 530 4443 memor,
546 4379 577 4430 ut
593 4395 640 4431 suo
656 4376 713 4432 looo
730 4376 879 4444 ostendam
897 4376 943 4431 sed
957 4377 1021 4432 haec
1038 4375 1102 4431 mihi
1118 4396 1172 4432 non
1189 4397 1244 4434 esse
1252 4378 1345 4434 idoneo
1355 4397 1434 4435 causa

282 4471 401 4540 videtur,
428 4477 459 4527 nl
484 4473 512 4529 in
527 4474 654 4530 Plinianis
671 4477 800 4531 annalium
817 4477 975 4530 mammarum
994 4493 1164 4547 agnoscamus
1181 4476 1432 4548 fragmentquue

281 4569 313 4624 de
331 4588 358 4625 re
375 4570 415 4626 eff.
433 4571 503 4628 dicto
519 4572 584 4646 Cap.
605 4573 621 4630 Ι
638 4593 662 4646 p.
674 4575 707 4628 20
717 4592 763 4644 sq,
776 4574 818 4641 23,
829 4574 862 4627 28
877 4591 914 4644 sq.
