3150 5275
704 465 743 525 45

144 686 174 750 p.
189 660 209 726 9
222 663 331 726 referre
352 662 570 745 poenitetlere.
589 664 739 727 Nimirum
761 664 951 748 ignoramus,
971 660 1208 723 Triumviratum
1231 668 1296 743 post

145 778 277 843 Caesaris
300 798 408 841 necem
429 800 458 841 a.
480 776 517 841 U.
541 779 599 839 711
627 799 690 840 esse
711 776 823 839 initum
848 774 907 862 (1)

186 892 237 955 Sic
258 888 336 953 nibil
357 887 507 953 aelidem
529 892 674 955 Suetonio
696 891 864 955 babeamus
875 889 972 954 obstat
984 936 992 966 ,
1005 909 1109 974 quem,
1123 886 1299 972 Magistrum

146 1006 343 1091 epistolarum
371 1005 455 1090 apud
477 1004 690 1084 Hadrianum,
716 1017 751 1069 ut
777 1016 859 1069 recte
886 1001 1099 1067 animadvertit
1125 999 1297 1075 Ernestius,

149 1142 166 1181 α
176 1118 261 1182 nullo
279 1116 368 1181 modo
380 1117 526 1182 credibile
538 1129 582 1181 est
594 1142 662 1183 sera
680 1128 816 1183 uotorum
828 1118 914 1181 initia
927 1126 980 1180 aut
991 1116 1153 1200 ignorasse,
1166 1123 1219 1176 aut
1230 1134 1299 1174 vere

146 1229 263 1294 tradere
275 1232 443 1296 noluisse».
457 1232 508 1295 Sic
527 1233 619 1296 etiam
636 1232 713 1297 nihil
733 1245 795 1311 est,
818 1254 875 1296 cnr
893 1230 1042 1295 maximis
1061 1227 1226 1295 annalibus
1240 1249 1298 1312 pu-

144 1355 243 1409 temus
266 1356 334 1410 octo
355 1344 468 1410 diurno
484 1346 593 1430 populi
616 1347 749 1412 Romani
759 1359 812 1412 aut
823 1348 1014 1411 antecessisse
1035 1357 1088 1410 aut
1104 1346 1296 1410 successisse:

148 1482 220 1524 nam
242 1461 326 1524 omni
345 1461 459 1526 indicio
478 1463 630 1547 probabili
649 1463 823 1542 deficiente,
840 1487 879 1527 ne
898 1486 966 1527 eam
985 1462 1112 1549 quidem
1132 1464 1212 1525 riam
1223 1462 1300 1524 inire

145 1578 264 1663 placet,
287 1600 366 1664 quae
389 1580 471 1642 velut
488 1576 588 1642 media
610 1580 739 1664 proponi
760 1602 777 1642 a
797 1580 933 1643 Beckero
953 1578 1091 1655 videtur,
1109 1578 1129 1643 l.
1142 1577 1163 1642 l.
1178 1577 1201 1642 l.
1216 1599 1245 1661 p.
1260 1578 1300 1638 5⁶2

145 1714 229 1779 sqq.,
249 1703 283 1756 ut
306 1692 463 1757 Caesarem
483 1692 623 1757 dicamus
649 1692 775 1777 publica
795 1695 973 1758 auctoritate
996 1690 1114 1756 edenda
1132 1690 1298 1764 curavisse,

146 1828 226 1891 quae
238 1817 305 1869 acta
328 1808 389 1870 iam
401 1807 520 1893 pridem
533 1807 704 1874 ederentur.
718 1808 777 1872 Sed
790 1808 949 1872 redeamus
959 1805 1082 1870 tandem
1093 1805 1130 1869 ad
1143 1804 1299 1869 Pontilicis

72 1944 83 1957 ³
148 1920 293 1985 tabulam.

188 2034 348 2121 Quidquid
371 2057 480 2101 causae
501 2039 579 2113 luit,
607 2058 664 2100 cur
686 2038 721 2105 P.
749 2039 849 2103 Mucio
871 2038 1019 2103 Pontilice
1041 2036 1148 2100 album
1168 2035 1296 2120 abroga'·
1375 2056 1379 2061 ·

148 2159 249 2227 retur,
283 2152 327 2213 rei
358 2150 494 2237 agendae
527 2164 647 2237 tempus
677 2162 886 2237 opportunum
907 2152 1036 2215 defuisse
1059 2150 1108 2214 vix
1128 2148 1207 2212 mibi
1231 2172 1301 2233 per-

147 2264 270 2330 suadeo.
294 2265 376 2329 lllud
398 2277 501 2330 autem
525 2266 608 2331 baud
630 2268 691 2331 scio
714 2289 753 2331 an
777 2278 859 2330 recte
879 2267 910 2328 in
938 2266 1012 2329 actis
1035 2262 1117 2327 ludis
1138 2284 1302 2350 quaeram,

148 2378 260 2465 quibus
282 2379 340 2442 fuit
362 2378 570 2443 soecularibus
591 2403 714 2446 nomen.
738 2382 819 2444 llere
842 2379 918 2443 baec
940 2379 1115 2442 coniectura
1133 2387 1195 2455 est,
1219 2398 1298 2464 qnae

147 2493 269 2555 fortasse
282 2493 375 2555 etiam
387 2494 463 2557 mira
482 2492 636 2571 videatur,
656 2493 708 2557 sed
730 2505 833 2557 tamen
856 2493 1032 2556 testimoniis
1054 2502 1192 2554 veterum
1204 2512 1301 2577 quum

148 2628 211 2672 non
237 2605 452 2684 confirmetur,
483 2618 565 2671 certe
587 2630 647 2673 non
668 2607 854 2673 debilitatur.
876 2608 942 2672 Hoc
962 2604 1089 2693 quidem
1108 2626 1198 2670 nemo
1223 2602 1302 2669 mibi

149 2743 211 2786 non
232 2725 434 2800 concesserit,
464 2745 527 2786 esse
553 2726 600 2788 rix
620 2727 763 2811 temporis
786 2736 937 2810 punctum
959 2724 1090 2808 potuisse
1112 2723 1208 2808 magis
1230 2744 1300 2806 pro·

153 2837 255 2921 prium
275 2849 305 2901 et
326 2837 472 2902 idoneum
489 2837 530 2902 'ad
554 2841 731 2904 memoriam
753 2852 876 2904 exactae
898 2841 1019 2917 aetatis,
1039 2863 1057 2903 a
1078 2841 1207 2903 Maximo
1220 2839 1299 2902 Pon-

149 2950 231 3014 tilice
260 2950 384 3036 publice
406 2952 499 3016 literis
523 2955 749 3038 consignatam,
774 2954 897 3036 publice
919 2953 1088 3018 abeodem
1113 2955 1193 3016 velut
1215 2953 1302 3016 clau·

147 3061 302 3141 dendam,
325 3085 501 3151 quamquo
532 3089 681 3132 annorum
705 3091 817 3146 noros,
849 3080 882 3131 ot
912 3070 953 3132 ita
982 3068 1100 3147 dicam,
1125 3068 1205 3133 orbis
1225 3090 1297 3153 ape·

187 3349 226 3418 (1)
245 3345 334 3416 Quum
359 3345 439 3402 semel
463 3346 542 3402 buius
566 3347 617 3404 loei
641 3366 724 3420 paene
749 3353 855 3404 coactus
880 3350 1037 3406 mentionem
1061 3349 1206 3419 iniecerim,
1227 3368 1303 3424 porro

152 3465 284 3514 moneam,
307 3465 339 3502 ne
358 3447 469 3518 cogitari
487 3447 590 3518 quidem
607 3467 623 3502 a
639 3447 724 3506 Dione
740 3455 800 3504 oeta
817 3451 917 3506 diurno.
934 3434 1034 3514 Ὅπως
1061 3439 1184 3521 μηδεὶς,
1201 3449 1303 3522 inquil,

154 3546 390 3633 στερηθήσεσθαι
410 3551 473 3612 ταῖν
502 3545 604 3616 ἄθλων
615 3553 774 3635 φοβηθεὶς,
796 3547 843 3615 ὅτι
856 3548 928 3627 τούς
943 3553 991 3616 ἐπὶ
1010 3556 1066 3618 τοῦ
1073 3552 1189 3618 Σύλλου
1198 3548 1304 3638 φονεύ-

152 3658 261 3738 caracle
283 3687 363 3738 τινας
387 3657 407 3725 o‘
435 3658 546 3728 Κάτων
581 3659 600 3726 o‘
626 3659 756 3748 Μάρκος
781 3663 942 3746 ταμιεύσας
968 3664 1103 3756 elegitque
1132 3665 1220 3734 πάνθ’
1246 3662 1303 3731 ὅσα

151 3777 197 3842 ἐπ’
207 3776 307 3855 αὐτοῖς
323 3774 498 3862 εἰλήφεσαν,
515 3771 608 3862 ἧττόν
623 3803 687 3842 τινα
705 3773 878 3867 ἀποκτείνῃ,
900 3777 1122 3865 προηγόρευσαν
1140 3777 1302 3846 &trolano

154 3881 252 3947 ariade
277 3884 307 3960 ἒς
333 3879 370 3947 rd
386 3877 548 3966 δημόσια
566 3878 762 3966 γράμματα
778 3879 986 3967 ἐσγράφουσιν.
999 3897 1090 3969 Ecqua
1098 3895 1154 3952 veri
1163 3895 1247 3969 speeie
1254 3914 1303 3966 pu-

158 4000 236 4051 blicos
246 3999 346 4053 tabulas
354 3997 396 4052 bio
405 3995 535 4068 designari
543 4014 673 4068 negemus,
684 3995 773 4067 quales
782 4015 809 4052 v.
818 4014 840 4052 c.
849 3996 942 4053 Livius
950 3998 1052 4054 XXVI.
1064 3999 1214 4064 36.11‚aut
1230 3994 1306 4049 Verr.

158 4095 197 4150 H.
216 4095 265 4161 42,
283 4097 310 4148 et
327 4093 404 4162 abbi,
420 4093 510 4149 Cicero
527 4093 671 4148 memorat?
690 4092 760 4148 Nam
780 4092 850 4164 quod
869 4093 949 4148 Dioni
968 4094 1069 4150 XLIV.
1088 4096 1120 4148 53
1142 4079 1308 4166 γράμματα

159 4198 298 4250 suniario
325 4194 443 4250 Caesaris
471 4195 514 4266 (cl.
533 4193 630 4266 Cap.I
656 4213 681 4266 p.
701 4195 746 4265 9),
772 4213 803 4249 ea
825 4214 866 4250 res
887 4196 940 4250 huo
959 4213 1064 4268 prorsus
1083 4213 1136 4250 non
1157 4193 1308 4266 lacit.1pse
1355 4235 1361 4249 .

157 4293 273 4348 Clericus
290 4311 323 4347 ex
339 4292 475 4348 Plutarchi
493 4293 549 4347 Vir.
571 4292 630 4347 Cat.
637 4291 703 4347 Min.
713 4292 797 4348 XVII
806 4292 913 4348 meliora
928 4291 990 4346 dum
999 4292 1079 4360 vidit,
1097 4292 1170 4364 sequi
1178 4291 1307 4348 deteriora

157 4392 269 4449 maluit..
286 4392 337 4449 Sed
362 4392 384 4447 si
410 4392 453 4446 vel
468 4391 579 4447 maxime
595 4390 773 4446 indicarentur
789 4397 864 4460 octa,
883 4411 935 4464 quo
953 4392 1058 4447 landem
1074 4392 1150 4447 modo
1166 4390 1250 4464 possib
1266 4407 1307 4444 rea

159 4487 193 4544 ad
209 4508 233 4545 a.
250 4490 285 4546 U.
304 4491 355 4548 671
381 4489 491 4545 referri?
517 4490 616 4545 Verum
640 4507 693 4544 non
717 4488 793 4544 lubet
809 4488 841 4544 de
857 4490 907 4545 hoe
924 4487 1019 4545 Clerici
1039 4474 1156 4565 ἓρμαίῳ
1182 4488 1307 4546 insidioso

158 4588 235 4661 plina
252 4591 371 4648 scribere.
388 4589 441 4660 Qui
458 4591 523 4647 scire
541 4591 621 4660 velit,
639 4610 691 4662 qua
708 4590 775 4646 illud
793 4591 1068 4665 viainvenerit‚legat
1080 4592 1135 4675 eius
1142 4591 1236 4664 librip.
1247 4594 1307 4648 228.
