3150 5275
824 439 863 500 IS

257 654 366 705 tamur.
400 639 545 702 EPlinio
567 638 664 723 igitur
686 634 841 712 Clericus,
868 659 897 719 p.
923 641 959 699 tt
988 648 1018 700 et
1041 640 1125 712 566,
1157 658 1267 723 magna
1290 637 1417 723 quidem

258 776 312 841 pro
342 764 424 818 tanta
455 753 544 837 copia
579 750 631 837 (cl.
654 772 745 835 supra
776 774 806 835 p.
832 749 885 837 at)
916 750 1122 814 moderatione
1156 773 1246 827 usus,
1281 752 1415 836 primum

260 870 459 935 Pontificibus
480 866 615 931 vindicat
637 888 716 953 quac
750 868 894 953 leguntur
924 868 959 931 N.
983 867 1021 929 H.
1049 867 1136 934 VIII.
1159 864 1228 928 82:
1266 867 1416 933 «Venisse

261 1007 381 1050 murem
404 984 451 1049 CC
480 982 610 1046 denariis
631 981 799 1046 Casilinum
822 980 978 1057 obsidente
998 979 1187 1057 Hannibale,
1211 1002 1346 1067 eumque
1365 980 1419 1065 qui

259 1097 437 1164 vendiderat
459 1096 540 1159 fame
563 1096 732 1173 interiisse,
756 1108 924 1181 emptorem
949 1096 1074 1172 vixisse,
1098 1093 1226 1158 currales
1255 1093 1416 1157 tradunt».

259 1216 304 1281 CI.
328 1214 428 1278 Lirius
452 1213 567 1277 XXIII.
594 1214 644 1276 19.
671 1214 720 1275 15.
747 1212 916 1274 Potuerunt
937 1232 1009 1274 sane
1031 1211 1072 1273 ita
1095 1209 1213 1273 tradere
1236 1208 1414 1283 Pontifices,

261 1329 312 1393 sed
344 1328 456 1413 pariter
487 1338 652 1411 potuerunt
680 1326 743 1391 alii.
778 1326 840 1389 Cur
871 1348 899 1389 v.
932 1346 960 1390 c.
991 1326 1092 1387 minus
1120 1323 1196 1388 haec
1229 1326 1261 1386 in
1291 1323 1418 1387 Fabium

261 1446 411 1508 Pictorem
432 1442 632 1517 conveniant,
657 1462 750 1527 quem
769 1440 802 1503 in
823 1440 880 1503 boc
899 1438 979 1503 bello
998 1439 1197 1505 describendo
1218 1440 1416 1525 copiosiorem

261 1559 378 1623 Plinius
408 1556 602 1620 historiarum
631 1554 768 1619 eiusdem
800 1554 916 1618 farinae
947 1567 1103 1619 auctorem
1134 1555 1237 1618 laudat
1261 1556 1300 1619 X.
1325 1556 1365 1617 tt
1388 1565 1419 1617 et

260 1675 344 1741 XIV.
371 1675 428 1749 15,
453 1672 499 1735 rel
522 1692 584 1757 quo
604 1670 775 1755 saepissime
798 1692 868 1732 usus
890 1680 954 1744 est,
980 1670 1142 1747 Pisonem,
1165 1694 1257 1758 quarn
1279 1672 1311 1734 in
1334 1669 1415 1733 Porr-

260 1786 379 1873 tr'firum
399 1786 553 1850 annales?
578 1785 852 1871 llumforte‚qu0d
875 1808 911 1848 ex
934 1786 1046 1851 Catone
1063 1800 1179 1876 constat
1198 1788 1289 1874 (Gell.
1313 1787 1352 1852 II.
1376 1790 1417 1852 28

261 1926 284 1968 s.
303 1900 356 1987 l),
372 1901 519 1985 scriptum
535 1899 626 1963 fuisse
642 1902 674 1963 in
693 1900 798 1963 tabula
816 1901 970 1965 Pontificis
989 1927 1005 1966 r<
1017 1906 1158 1989 quotiens
1175 1925 1294 1967 annona
1306 1925 1376 1967 cara
1387 1926 1417 1979 n,

262 2016 344 2080 idem
359 2014 397 2079 de
420 2014 580 2078 annalibus
602 2014 688 2078 Fabii
711 2027 742 2078 et
764 2016 880 2078 Pisonis
902 2038 963 2079 non
986 2016 1126 2080 constat?
1145 2019 1261 2081 Tamen
1283 2017 1419 2082 Clericus

264 2155 311 2196 res
322 2132 412 2195 serias
425 2142 486 2194 tam
498 2132 561 2216 agit
574 2132 670 2206 serio,
690 2140 723 2193 ut
737 2152 766 2214 p.
788 2132 847 2204 ta,
867 2130 966 2193 citatis
977 2130 1069 2194 Plinii
1088 2132 1197 2195 ceteris
1215 2132 1311 2195 rerbis
1326 2131 1418 2219 (quae

262 2268 387 2312 curnon
400 2246 473 2310 item
483 2246 514 2308 ln
525 2245 694 2331 fragmenta
703 2244 862 2327 receperit,
871 2244 1023 2306 Incertum
1035 2244 1104 2331 est):
1119 2245 1278 2309 «Sericum
1287 2257 1418 2311 occentu

263 2362 367 2425 dirimi
390 2360 544 2444 auspicia,
574 2359 702 2422 annales
725 2360 847 2423 refertos
869 2356 1068 2437 babemus»,
1100 2358 1176 2423 haec
1199 2362 1416 2447 nescioquam

261 2486 432 2561 opportune
463 2486 604 2539 moneat:
640 2476 751 2539 «Sacri
782 2473 965 2538 biennales
990 2474 1198 2563 (Pontificum)
1224 2476 1279 2538 soli
1300 2473 1418 2537 tradere

263 2601 418 2676 poterant,
450 2592 568 2677 quoties
597 2590 699 2654 scricis
727 2600 859 2655 occentu
881 2588 1032 2676 dirempta
1055 2600 1152 2654 essent
1173 2590 1352 2674 auspicia».
1375 2625 1419 2637 -

261 2707 441 2793 Sequuntur
463 2706 618 2781 Pliniana,
647 2717 817 2790 quaesunt
838 2706 984 2772 XXXIII.
1008 2710 1045 2781 6,
1070 2705 1124 2768 ubi
1147 2715 1286 2768 narratur
1308 2703 1345 2767 de
1368 2707 1418 2767 In-

260 2820 435 2905 dignatione
465 2819 588 2882 Petrum
621 2830 652 2882 et
682 2818 850 2896 nobilium,
874 2819 928 2884 Cn.
952 2821 1088 2884 Flavium
1118 2819 1291 2883 Tribunum
1318 2819 1417 2883 Plebis

232 2973 234 2978 ·
261 2948 416 3012 creatum,
440 2957 510 2998 mox
533 2935 623 2998 etiam
648 2933 785 2998 Aedilem
800 2935 955 3012 Curulem,
975 2934 1106 3020 graviter
1125 2934 1300 2998 serentium.
1325 2934 1417 2998 Cuius

259 3050 318 3115 loci
340 3050 488 3115 sententia
511 3049 565 3112 etsi
587 3070 671 3112 nnnc
694 3047 820 3113 demum
844 3060 926 3113 recte
950 3050 1118 3135 percipitur
1140 3061 1205 3134 post
1228 3049 1413 3134 praeclaram

261 3163 372 3247 Silligii
402 3162 626 3234 recensionem,
658 3159 775 3223 discere
807 3170 909 3222 tamen
936 3159 1072 3224 Clericus
1098 3158 1142 3245 (p.
1167 3161 1225 3237 40,
1250 3164 1313 3226 tot
1335 3161 1414 3249 sq.),

260 3279 285 3340 si
306 3274 479 3340 incredibili
502 3271 663 3337 annalium
685 3272 872 3357 Pontificum
894 3274 994 3338 studio
1019 3297 1131 3338 «mens
1153 3297 1215 3339 non
1237 3277 1321 3340 Iaera
1343 3276 1416 3338 suis-

261 3402 305 3456 set
314 3415 350 3465 a,
370 3413 406 3454 er
425 3390 510 3453 livio
532 3390 598 3476 (IX.
618 3392 669 3454 46.
689 3393 708 3453 t
728 3389 828 3478 sqq.),
851 3391 905 3476 qui
924 3389 1072 3475 quosdam
1090 3390 1219 3454 annales
1236 3402 1267 3455 et
1281 3392 1419 3455 Macrum

261 3505 414 3570 Licinium
443 3515 581 3568 auctores
613 3505 737 3583 laudat,
771 3505 887 3570 discere
917 3528 954 3569 ex
985 3506 1019 3570 L.
1051 3505 1164 3568 Pisonis
1195 3505 1282 3568 tertio
1312 3502 1421 3568 aneoli

266 3618 358 3704 (Gell.
381 3618 418 3681 N.
443 3617 480 3682 A.
508 3619 559 3684 Vl.
583 3617 615 3705 9)
642 3621 803 3705 potuisset,
834 3643 928 3707 quam
950 3618 1206 3683 inconsideratum
1230 3629 1306 3683 esset
1328 3619 1418 3682 Plinii

265 3731 520 3817 ‹tantiqur'rairbor
551 3735 703 3798 annales»
739 3735 894 3798 maximos
926 3735 1139 3817 interpretari,
1183 3735 1321 3820 quamvis
1353 3733 1418 3816 ipsa

260 3848 418 3912 annalium
450 3847 542 3912 rerba
576 3849 654 3913 «sed
685 3861 716 3913 et
746 3847 870 3933 phalera
903 3849 1026 3932 posita»
1060 3871 1077 3912 a
1111 3849 1209 3912 Plinio
1238 3847 1414 3912 afferantur.

262 3962 355 4026 atiud
378 3974 422 4027 est
436 3979 603 4049 quaerere,
622 3985 698 4026 num
721 3963 882 4026 videantur
902 3963 974 4025 talia
996 3984 1033 4025 ex
1055 3959 1238 4024 Pontificum
1262 3981 1419 4024 commen·

261 4077 354 4153 tariis,
367 4077 448 4140 sonte
473 4077 633 4160 primario,
657 4077 689 4138 in
714 4076 824 4138 rivulos
845 4074 985 4153 fluxisse,
1009 4100 1045 4140 ex
1067 4076 1179 4163 quibus
1197 4098 1284 4139 suam
1305 4098 1416 4163 aquam

260 4192 362 4255 Livius
384 4190 501 4269 hausit3
525 4193 575 4257 sed
602 4191 679 4256 haec
702 4192 840 4277 quaestio
862 4213 924 4254 non
940 4193 1068 4276 agitur,
1092 4201 1141 4268 et,
1164 4192 1222 4254 nisi
1244 4193 1419 4255 instituatur

261 4305 512 4389 prudentissime,
532 4306 633 4386 ¹lacile
664 4304 703 4370 ad
735 4328 832 4391 nugas
865 4318 896 4369 et
927 4307 1057 4391 ineptias
1089 4307 1180 4392 rapit.
1214 4307 1278 4370 Nec
1300 4304 1419 4390 gratior

261 4416 337 4483 mihi
359 4420 492 4505 suppetit
514 4440 622 4497 eausa,
646 4441 797 4484 curcum
819 4421 956 4484 Beckero
982 4419 1019 4506 (I.
1042 4442 1071 4505 p.
1096 4419 1147 4506 10)
1172 4419 1300 4485 eandem
1323 4419 1416 4482 inter·

262 4534 461 4616 pretationem
484 4534 751 4600 accommodemus
773 4537 945 4600 testimonio
965 4534 1056 4600 Plinii
1076 4536 1221 4602 XXXIV.
1242 4540 1299 4611 ll,
1324 4555 1417 4619 quem
