3150 5275
814 436 856 497 'll

304 633 369 697 lloc
391 635 563 699 testimonio
586 655 690 699 remor
708 655 747 699 ne
768 634 856 699 abusi
867 633 958 698 multi
970 631 1008 699 ad
1020 634 1148 699 assoles
1164 636 1412 701 maximosretu·

259 747 370 826 lerint,
393 770 474 835 quae
493 749 573 815 nihil
595 772 667 815 cum
685 751 722 813 iis
739 748 889 813 heberent
920 769 1105 828 commune,
1139 760 1231 837 atque
1251 752 1293 815 ita
1313 751 1351 815 ad
1364 774 1410 815 re·

257 862 336 927 otius
358 862 510 929 iudicium
532 866 610 930 riam
635 865 692 929 sibi
714 865 774 951 ipsi
791 864 1003 931 obstruxerint.
1024 867 1100 932 Nihi
1115 866 1193 933 haec
1211 869 1324 955 legenti
1346 870 1408 933 iem

255 978 357 1043 statim
396 978 455 1045 hoc
486 1004 633 1069 apparere
676 980 816 1060 videtur,
862 982 1069 1067 reputationes
1109 983 1176 1047 illas
1211 984 1405 1070 superiorum

255 1090 463 1159 defectionum
490 1119 552 1161 non
583 1099 734 1183 pertinere
767 1097 806 1161 ad
836 1096 990 1161 maximos
1013 1096 1159 1175 onustes,
1182 1097 1234 1162 sed
1256 1105 1409 1160 enotatam

255 1207 289 1270 in
309 1205 356 1271 his
378 1198 552 1297 ἔκλειψιν,
572 1211 685 1276 factam
704 1234 733 1278 a.
755 1214 839 1289 350,
862 1210 939 1276 adeo
958 1210 1021 1276 fide
1037 1210 1163 1298 dignam
1185 1209 1322 1275 habitam
1334 1231 1408 1287 esse,

255 1330 289 1385 ut
306 1322 436 1407 pmlecti
461 1324 502 1389 ab
527 1348 564 1389 ea
581 1327 743 1391 astronomi
767 1326 936 1413 superiores
959 1347 1064 1389 omnes
1084 1325 1290 1409 reputaverint
1310 1344 1409 1410 usque

253 1435 292 1501 ad
322 1460 479 1505 excessum
511 1443 655 1521 Romuli,
676 1463 769 1529 quem
792 1462 891 1527 quum
915 1442 997 1506 lame
1020 1442 1113 1505 ferret
1144 1440 1237 1504 Nonis
1267 1437 1410 1521 Quincti·

252 1552 334 1617 libus
365 1554 427 1617 sole
456 1554 616 1621 obscurato
639 1556 800 1621 hominurn
824 1556 922 1621 oeulis
944 1578 1008 1620 esse
1030 1553 1217 1620 subductum
1240 1550 1409 1641 (Plutarch.

253 1666 316 1733 vir.
340 1670 430 1734 Rom.
451 1671 588 1748 XXVII,
611 1672 673 1737 Cio.
696 1672 751 1738 1.1.
772 1672 815 1737 ΙΙ.
842 1671 913 1758 10),
947 1670 1006 1735 hac
1035 1673 1152 1737 ratione
1171 1670 1210 1736 de
1230 1691 1313 1735 enno
1333 1690 1407 1734 eon-

255 1779 335 1846 ditae
352 1782 441 1847 Urbis
465 1786 606 1849 certiores
635 1784 701 1849 fieri
735 1784 929 1851 studuerunt.
963 1785 1032 1868 Qua
1062 1787 1145 1851 inre
1169 1807 1263 1873 quam
1284 1804 1410 1870 operam

255 1895 385 1963 Varroni
409 1899 550 1964 Tarutius
576 1900 689 1964 locasse
720 1898 862 1978 dicatur,
884 1923 922 1965 ex
944 1899 1108 1965 Plutarcho
1132 1912 1240 1969 notum
1260 1911 1321 1978 est,
1346 1900 1367 1966 l.
1389 1899 1411 1965 l.

255 2012 326 2078 XII.
348 2013 456 2100 Neque
472 2014 657 2102 indigneres
678 2016 868 2101 temporibus
889 2016 1029 2093 Catonis,
1053 2015 1161 2094 Ennii,
1182 1995 1302 2102 Polybii
1317 2025 1409 2100 atque

255 2128 338 2204 eius,
358 2150 395 2192 er
416 2129 505 2192 cuius
523 2151 651 2214 persone
674 2130 779 2195 Gicero
799 2132 951 2217 loquitur,
974 2130 1144 2216 Scipionis,
1164 2150 1226 2216 quo
1242 2126 1409 2194 admodum

254 2238 481 2307 adolescentulo
504 2243 554 2331 (de
575 2267 608 2308 re
621 2245 709 2332 publ.
730 2246 755 2311 Ι.
778 2245 829 2333 lb)
858 2267 875 2308 «
884 2247 1032 2309 rationem
1042 2244 1180 2311 delectus
1188 2246 1256 2310 solis
1267 2256 1299 2311 et
1315 2246 1407 2309 lunae

255 2358 372 2443 primus
404 2362 535 2424 Romani
565 2364 685 2449 generis
706 2362 739 2425 in
760 2363 886 2449 volgum
900 2362 1009 2425 extulit
1029 2360 1185 2446 Sulpicius
1200 2360 1328 2437 Gallus,
1352 2358 1407 2445 qui

254 2471 368 2537 Consul
396 2494 470 2537 cum
498 2476 538 2540 Μ.
566 2476 709 2541 Marcello
731 2477 808 2555 luit,
830 2475 883 2541 sed
905 2488 973 2541 tum
995 2475 1152 2541 Tribunus
1172 2475 1355 2552 militum»,
1374 2484 1410 2538 ut

256 2586 298 2650 ait
315 2586 433 2651 Plinius
449 2588 487 2656 N.
509 2589 547 2656 ll.
568 2590 610 2658 ΙΙ.
636 2595 684 2658 te.
706 2592 761 2658 cff.
781 2614 861 2680 quae
880 2592 966 2657 affert
984 2592 1080 2657 ltlaius
1100 2589 1138 2656 ad
1162 2588 1225 2657 Cic.
1238 2588 1290 2658 l.l.
1302 2586 1407 2673 Quod·

257 2700 283 2765 si
303 2723 350 2765 res
371 2702 425 2767 ille
453 2726 471 2768 a
493 2704 639 2772 Cicerone
656 2706 764 2773 tradita
784 2708 942 2772 luculente
961 2705 1087 2792 prohat,
1106 2715 1260 2791 quantum
1277 2705 1410 2768 auctori·

254 2819 323 2882 tatis
346 2819 530 2886 Pontificum
556 2823 780 2886 commentariis
809 2822 873 2900 rel,
907 2822 932 2885 si
952 2822 995 2884 ita
1016 2820 1129 2895 maris,
1147 2815 1313 2882 accolitus
1333 2817 1408 2881 olim

252 2932 453 3012 tribueretur,
472 2935 548 3022 quid
569 2958 622 3000 nos
641 2936 679 3000 de
702 2935 749 3000 his
771 2935 845 3000 fidei
870 2932 1240 3011 laudibusdetrahamus,
1257 2933 1312 3019 qui
1324 2932 1410 2996 noris

254 3071 291 3113 ac
323 3049 558 3137 diligentissimis
587 3052 829 3140 reputationibus
853 3051 1060 3115 astronomicis
1090 3048 1211 3127 edocti,
1238 3068 1319 3112 anno
1342 3049 1405 3112 350

256 3165 320 3232 lere
358 3167 398 3257 (a.
432 3169 488 3236 ch.
522 3192 553 3236 n.
572 3169 671 3258 599),
693 3168 765 3255 ipsis
782 3168 878 3232 Nonis
900 3166 1017 3245 Iuniis,
1039 3166 1099 3230 sub
1116 3186 1294 3252 vesperam,
1313 3164 1408 3227 risam

254 3303 320 3346 esse
341 3284 459 3350 Romae
485 3283 689 3350 defectionem
709 3283 778 3348 solis
798 3302 883 3346 nunc
904 3291 988 3346 certo
1009 3280 1171 3344 sciamus?
1193 3275 1239 3365 (1)
1259 3278 1325 3342 Nee
1346 3275 1404 3342 du·

292 3568 331 3638 (1)
349 3566 435 3624 Testis
452 3567 517 3624 mihi
534 3572 575 3624 est
592 3567 702 3624 Zechius
718 3567 748 3623 in
773 3565 992 3624 commentatione
1007 3560 1123 3636 praemio
1142 3564 1236 3618 ornate
1251 3579 1268 3616 e
1285 3558 1409 3616 societate

257 3663 405 3737 Lipsiensi‚
423 3684 490 3737 quae
507 3666 604 3722 dieitur
619 3664 811 3734 Iehlonowski‚
827 3666 935 3740 Astron.
953 3662 1113 3720 Untersueh.
1130 3660 1176 3716 ub.
1200 3659 1226 3716 d.
1241 3657 1410 3730 wiehtigeren

256 3764 446 3835 deuenisse,
463 3766 560 3823 welche
577 3784 631 3822 von
648 3766 698 3822 den
716 3765 925 3822 Schriftstellern
941 3765 966 3821 d.
984 3765 1061 3820 eless.
1078 3762 1212 3818 Altherth.
1221 3761 1338 3816 erwihnt
1345 3778 1409 3816 wer·

255 3869 322 3936 den,
340 3889 366 3943 p.
386 3871 417 3924 58
436 3888 475 3942 sq.
491 3870 551 3939 Quo
573 3869 643 3926 libro
660 3889 741 3943 quum
761 3851 871 3938 ἄνδρες
892 3848 1048 3938 φιλόλογοι
1064 3867 1175 3922 fortasse
1191 3862 1267 3936 pauci
1282 3866 1411 3931 utentur,

256 3967 352 4023 emisse
368 3969 563 4042 computatione
580 3970 661 4026 verbe
678 3970 736 4043 ipse
753 3968 841 4024 Zechii
857 3967 948 4024 efferre
964 3966 1068 4024 minime
1086 3966 1184 4022 taedet,
1196 3964 1410 4023 uVonfriiheren

250 4065 463 4144 ¹Berechnungen
486 4068 569 4126 dieser
585 4068 744 4124 Finsterniss
760 4068 845 4124 kenne
860 4065 903 4121 ioh
919 4084 969 4122 nur
986 4064 1034 4120 des
1049 4063 1175 4119 Resultet
1191 4061 1237 4117 der
1260 4080 1314 4117 von
1330 4061 1408 4117 Miiu-

255 4164 344 4232 ehow,
370 4165 480 4222 welches
504 4166 625 4222 Niebuhr
650 4165 776 4234 enliihrt,
802 4164 857 4220 und
872 4164 994 4220 wornsch
1010 4161 1123 4218 dieselbe
1139 4161 1168 4216 in
1184 4161 1254 4216 Rom
1271 4179 1319 4232 ger
1335 4160 1408 4216 nicht

256 4261 371 4317 sichtber
397 4262 459 4318 oder
483 4263 542 4318 sehr
567 4263 771 4332 unhedeutend,
798 4262 853 4319 und
876 4281 927 4318 nur
950 4261 979 4316 in
995 4260 1079 4316 Cedix
1104 4260 1205 4332 wenige
1221 4259 1345 4315 Minuten
1361 4275 1409 4313 vor

256 4360 508 4434 Sonnenuntergeng
531 4362 600 4418 totel
624 4382 685 4418 wer.
710 4363 780 4418 Dass
808 4362 864 4418 dies
887 4361 962 4418 nicht
986 4363 1102 4432 geniigt‚
1127 4358 1163 4415 ist
1185 4359 1252 4414 kler.
1276 4358 1325 4412 Ich
1341 4355 1410 4411 finde

256 4457 373 4532 degegen
400 4460 530 4534 (sequitur
555 4461 727 4535 computatio)
750 4464 827 4518 totale
851 4456 1109 4518 Sonnenfinsterniss.
1131 4487 1168 4500 -
1184 4456 1218 4511 In
1234 4455 1304 4510 Rom
1320 4453 1406 4510 Maxi·

257 4576 327 4614 mum
352 4560 431 4628 11,60
454 4557 511 4615 Zoll
526 4577 572 4614 um
589 4559 618 4622 71,
633 4561 676 4614 44'
694 4579 726 4618 w.
745 4561 779 4617 R.
798 4561 843 4629 Z„
869 4559 969 4631 wenige
987 4557 1112 4614 Minuten
1130 4557 1198 4613 noch
1215 4556 1408 4612 Sonnenunter·
