3150 5275
754 436 794 496 59

187 636 266 701 tium
295 636 520 727 moatmotrtm,
550 635 583 700 in
612 635 741 699 Livianis
774 633 911 698 historiis
940 632 1072 716 reperire
1098 632 1155 695 sibi
1183 632 1261 695 visus
1283 645 1337 724 cst.

185 751 317 815 Tantum
337 750 452 815 Clerico
473 751 616 813 asserenti
642 749 685 836 (p.
709 752 750 814 76
773 770 838 837 sq.‚
868 751 910 813 85
932 770 999 834 sq.‚
1029 746 1119 835 pass.)
1143 768 1203 812 nou
1227 749 1339 813 invitus

184 864 314 949 largior,
333 862 451 927 Gallico
469 862 612 927 incendio
632 884 693 927 non
711 863 858 927 interiisse
877 860 1004 926 currales
1022 862 1195 934 maximam·
1219 873 1339 926 tantum

185 975 348 1042 Gerlachio
378 975 448 1064 (von
478 975 527 1041 die
557 977 689 1059 Quellen
719 989 778 1045 etc.
809 1000 840 1064 p.
869 979 915 1064 9),
947 997 1048 1062 aquo
1067 986 1170 1039 tamen
1190 973 1340 1039 eiusmodi

184 1090 260 1178 quid
282 1113 390 1176 parum
412 1091 643 1176 exspectabam,
665 1092 825 1157 interitum
847 1094 934 1156 illum
962 1114 979 1154 a
1002 1090 1086 1154 Livio
1107 1089 1183 1153 tradi
1205 1091 1339 1177 neganti.

185 1206 308 1269 Scilicet
326 1207 381 1292 qui
396 1205 467 1268 libri
482 1204 609 1269 canolas
640 1204 827 1289 Pontificum
855 1205 1015 1284 dicuntur,
1046 1206 1113 1290 plus
1131 1204 1227 1271 GGLX
1252 1205 1338 1270 annis

187 1332 252 1407 post
272 1332 394 1408 captam
413 1321 528 1385 Urbem
548 1330 618 1384 sunt
637 1320 778 1385 conlecti.
800 1320 863 1383 Nec
883 1321 937 1408 qui
955 1318 1108 1383 dealbatas
1127 1317 1246 1383 tabulas
1264 1339 1337 1382 con·

184 1447 335 1501 crematas
366 1435 488 1513 dolent,
522 1456 571 1498 me
604 1432 761 1497 habebunt
792 1432 1025 1513 condolentem,
1058 1436 1151 1499 etiam
1180 1434 1235 1498 ubi
1269 1455 1337 1519 pro·

186 1549 342 1627 bevenot,
372 1561 402 1613 et
430 1569 547 1613 morem
571 1547 666 1610 ‘illum
696 1549 757 1611 iam
784 1558 859 1611 tunc
888 1548 1068 1627 invaluisse,
1097 1559 1128 1614 et
1150 1560 1338 1612 conservatas

184 1688 248 1729 esse
276 1668 441 1752 propositas
473 1665 602 1731 tabulas.
626 1664 754 1727 Interim
782 1664 831 1727 rin
860 1674 950 1728 teneo
981 1664 1094 1740 risum,
1128 1684 1224 1749 quum
1254 1661 1339 1750 fingo

184 1778 262 1845 mibi
290 1781 522 1867 quinquagenas
553 1779 600 1842 vel
630 1778 731 1863 plures
760 1780 853 1841 etiam
881 1777 1000 1841 tabulas
1026 1777 1161 1862 ligneas,
1193 1776 1337 1843 seduloa

184 1893 384 1959 Pontificibus
415 1895 552 1957 Maximis
579 1893 612 1956 in
633 1893 709 1956 atrio
737 1894 838 1978 regiae
859 1892 1000 1956 collectas
1020 1902 1270 1978 conservatasque
1291 1891 1337 1955 di-

183 2009 331 2095 ligenter,
362 2010 423 2073 iam
455 2008 555 2073 subito
583 2009 741 2092 perterrita
772 2008 893 2071 civitate
913 2006 1018 2070 validis
1038 2006 1164 2071 totidem
1185 2029 1339 2072 servorum

185 2122 320 2189 humeris
338 2125 370 2189 in
382 2125 565 2209 Capitolium
578 2124 675 2186 aliove
686 2123 879 2207 asportandus
889 2122 983 2208 inque
996 2133 1061 2186 tuto
1073 2121 1263 2186 collocandas
1278 2120 1337 2208 (l).

183 2234 334 2323 Equidem
366 2235 403 2301 de
426 2238 550 2299 veritate
580 2239 744 2302 testimonii
776 2237 892 2301 Liviani
923 2257 982 2301 non
1016 2233 1182 2311 admodum
1212 2234 1337 2314 dubito,

185 2348 362 2414 firmaturus
395 2371 462 2413 eam
492 2371 546 2413 suo
578 2350 645 2414 loco
678 2350 887 2438 compluribus
909 2351 1072 2435 exemplis3
1096 2349 1148 2412 sad
1170 2349 1248 2413 illud
1269 2349 1336 2433 pl·

182 2482 279 2546 reque
311 2474 370 2526 tam
402 2463 440 2527 ad
478 2467 737 2531 «commentarios
767 2465 952 2530 Pontificum
963 2490 980 2528 u
1016 2466 1166 2549 pertinere
1198 2464 1336 2529 credide-

186 2578 262 2656 rim,
293 2599 385 2665 quam
417 2578 454 2643 ad
490 2581 572 2644 «alia
604 2580 728 2666 publica
758 2582 936 2668 privataque
965 2592 1210 2661 monumenta»,
1239 2583 1280 2646 ita
1302 2592 1336 2646 ut

184 2694 471 2758 commentariorum
485 2696 579 2759 maior
589 2694 713 2782 quidem
724 2718 801 2782 pars,
814 2717 915 2782 neque
927 2708 1028 2763 tamen
1041 2721 1145 2762 omnes
1156 2700 1335 2765 interierint.

183 2803 227 2870 Gi.
239 2806 318 2870 infra
330 2829 360 2893 p.
374 2808 425 2872 76.
439 2806 580 2873 Ceterum
593 2809 762 2875 Niebuhrio
778 2809 890 2897 (Vortr.
901 2812 916 2874 l
928 2834 959 2896 p.
974 2813 1061 2899 lisq.)
1079 2851 1121 2863 —-
1139 2815 1239 2898 plures
1250 2814 1333 2878 enim

181 2919 305 2984 laudare
336 2943 396 2986 uon
419 2943 540 2986 necesse
571 2935 614 2987 est
639 2922 683 3012 (t)
713 2962 753 2973 -
778 2926 820 2988 sic
849 2927 1008 3005 assentior,
1041 2939 1075 2992 ut
1103 2929 1222 2993 Livium
1244 2931 1335 3015 paulo
1451 3009 1453 3013 ¹

183 3032 308 3097 ulterius
328 3036 502 3118 processisse
524 3037 713 3115 existimem,
739 3060 800 3103 non
824 3050 1036 3123 reputantem,
1059 3065 1152 3129 quam
1174 3045 1264 3109 multi
1282 3045 1334 3108 alii

183 3150 393 3212 commentarii
405 3161 435 3212 et
455 3151 536 3214 varia
559 3164 755 3216 monumenta
778 3154 889 3217 servari
909 3154 1000 3219 facile
1018 3163 1191 3243 potuerint,
1214 3163 1333 3248 sintque

182 3282 285 3345 reapse
313 3273 438 3328 servata.
468 3263 561 3328 Cuius
586 3267 629 3329 rei
654 3267 784 3331 vidimus
806 3269 925 3333 Livium
949 3272 1051 3357 ipsum
1070 3275 1177 3339 eodem
1198 3278 1265 3341 loco
1286 3300 1336 3342 ar·

217 3548 255 3619 (1)
275 3547 293 3601 J
294 3547 431 3615 oecberus,
448 3547 492 3603 vel
510 3548 598 3621 potius
615 3549 750 3618 Parreidt,
769 3551 802 3606 de
818 3558 940 3626 suspecta
956 3556 1016 3614 Liv.
1035 3558 1078 3615 fid.
1096 3569 1107 3628 ς
1128 3563 1159 3628 d,
1176 3560 1248 3616 aliud
1261 3578 1335 3617 exco-

179 3644 289 3717 gitavit,
316 3646 386 3718 quod
407 3646 501 3703 ludicri
524 3666 603 3703 causa
625 3667 768 3705 memorare
790 3650 872 3708 iuvat.
901 3654 1014 3710 Anarta
1037 3656 1105 3712 enim
1129 3657 1157 3712 iu
1179 3658 1335 3714 membranis

180 3753 300 3804 exaratos
317 3749 446 3805 interiisse
464 3750 599 3823 opinatus,
616 3753 709 3808 horum
728 3753 865 3812 interitum
882 3757 919 3813 sic
932 3758 1007 3814 velut
1018 3748 1170 3829 γραφικῶς
1190 3761 1335 3835 descripsit.

181 3845 294 3918 rNeque
319 3846 442 3903 credibile
472 3851 512 3903 est
538 3849 680 3922 quidquam
711 3869 744 3906 ex
761 3852 802 3907 his
818 3853 993 3911 voluminibus
1007 3856 1148 3914 violentiae
1168 3859 1237 3930 ignis
1255 3860 1336 3916 fuisse

179 3941 359 4012 subtractum,
384 3965 466 4017 quum
493 3945 562 4002 inter
585 3966 674 4004 omues
695 3953 814 4019 constet,
835 3951 917 4023 quod,
939 3956 961 4008 s}
978 3956 1056 4011 semel
1073 3957 1192 4013 flammae
1211 3958 1337 4014 eiusmodi

179 4042 341 4099 membranas
365 4045 553 4119 corripuerim,
578 4047 730 4105 brevissimo
749 4054 866 4124 tempore
885 4052 1004 4109 incendio
1026 4055 1188 4111 hauriantur.
1211 4056 1248 4111 Et
1272 4056 1336 4112 licet

178 4142 317 4215 singularis
334 4146 466 4202 bominum
487 4166 549 4204 cura
567 4147 693 4218 quasdam
712 4166 745 4204 ex
761 4148 794 4204 iis
814 4150 958 4222 particulas
983 4153 1137 4224 superstites
1159 4153 1264 4209 fecisset
1290 4157 1336 4227 (t),

178 4261 283 4300 mancas
296 4249 399 4314 tamen,
415 4247 660 4319 dilaceratasatque
679 4247 718 4302 ita
733 4247 805 4303 fumo
824 4249 968 4306 infuscatas
985 4251 1145 4324 accepissent
1167 4251 1283 4324 posteri,
1305 4257 1337 4307 ut

177 4340 267 4396 uultus
285 4360 375 4398 earum
391 4362 454 4399 mus
473 4343 565 4401 luisset
583 4345 698 4405 futurus,
716 4345 767 4401 Sed
783 4353 936 4420 supererant
952 4352 1041 4405 tamen
1058 4349 1185 4421 quaedam
1200 4348 1292 4405 mediis
1302 4367 1337 4405 ex

178 4437 287 4496 flammis
307 4444 425 4513 ereptae.
435 4471 470 4484 -
482 4442 557 4498 Haec
573 4441 627 4498 ille.
648 4444 709 4514 Quis
726 4447 792 4499 talia
802 4446 1017 4518 fando-temperet
1033 4468 1050 4503 a
1069 4451 1209 4520 beania?

213 4541 251 4610 (2)
271 4539 312 4595 Cf.
331 4543 420 4596 tamen
437 4539 563 4596 Klotzius
580 4541 626 4598 l.l.
645 4561 670 4613 p.
691 4543 740 4596 298
760 4561 816 4614 sqq.
