3150 5275
826 423 867 483 26

259 616 301 683 Il.
333 621 371 681 57
402 626 605 682 monumenta.
634 618 671 682 Et
698 617 782 682 huuc
812 617 938 704 quidem
966 620 1070 681 locum
1098 640 1155 682 cur
1180 620 1260 683 male
1287 618 1423 683 Clericus

261 730 410 794 menimis
435 729 600 795 annalibus
629 731 840 817 adscripserit,
869 734 961 795 altera
990 731 1082 796 buius
1104 732 1315 817 disputationis
1337 743 1423 816 parte

261 846 414 930 explicare
450 848 651 931 opportunius
683 859 746 924 est;
782 860 898 912 ceteros
930 870 1001 911 rero
1032 848 1134 910 miuus
1163 847 1287 910 fortasse
1317 867 1420 910 ouras·

261 981 342 1035 sem,
361 961 418 1024 nisi
437 983 536 1025 unum
557 964 732 1047 praesertim
750 964 957 1026 testimouium
977 962 1139 1041 Ciceronis,
1148 963 1284 1047 primum
1294 963 1419 1048 legenti,

263 1074 443 1159 scrupulum
462 1074 538 1138 mibi
555 1066 725 1151 iniecisset,
746 1098 845 1163 eoque
869 1076 1041 1140 Beckcrum
1063 1074 1146 1163 (l.l.I
1166 1098 1196 1162 p.
1207 1076 1240 1164 9)
1261 1076 1424 1141 inductum

264 1190 412 1256 vidissem.
434 1192 485 1255 air
504 1193 585 1255 cuim
605 1192 656 1255 ille
677 1204 752 1256 orat.
773 1214 828 1278 pro
846 1190 925 1258 Rab.
944 1192 982 1258 V.
1003 1195 1059 1255 15:
1089 1213 1106 1255 n
1115 1192 1174 1257 Hic
1192 1213 1223 1255 se
1242 1193 1422 1278 popularem

262 1303 365 1369 dicere
387 1306 497 1383 audet,
515 1329 563 1370 me
588 1308 723 1369 alienum
747 1329 765 1369 a
784 1304 953 1369 commodis
975 1307 1096 1383 vestris,
1122 1328 1221 1392 quum
1239 1308 1295 1370 iste
1317 1327 1423 1369 omnes

259 1429 290 1482 et
317 1420 537 1504 suppliciorum
566 1432 596 1484 et
620 1420 782 1483 verborum
805 1419 987 1484 acerbitates
1008 1442 1069 1483 non
1091 1443 1128 1484 ex
1151 1421 1299 1484 memoria
1321 1430 1417 1483 restra

261 1554 298 1596 ae
329 1545 448 1618 patrum
478 1545 666 1610 vestrorum,
696 1535 748 1599 sed
776 1559 812 1599 ex
842 1534 1004 1599 annalium
1031 1534 1237 1597 monumentis
1266 1546 1360 1620 atque
1386 1555 1422 1596 ex

262 1648 383 1733 Regum
407 1650 632 1711 commentariis
652 1650 947 1735 conquisierit...?n
967 1648 1098 1717 Videtur
1117 1646 1176 1712 hoe
1196 1649 1422 1724 testimonium,

261 1774 397 1827 ceterum
429 1785 490 1828 nou
509 1764 651 1828 dissimile
671 1787 688 1827 a
709 1765 776 1828 loco
795 1766 937 1828 orationis
959 1786 1013 1850 pro
1034 1764 1175 1842 Murena,
1207 1784 1301 1849 quem
1330 1763 1423 1847 paulo

263 1889 332 1941 ante
355 1875 495 1953 laudari,
519 1879 551 1940 in
574 1882 746 1963 argumenti
769 1880 892 1943 levitate
915 1880 1069 1965 gravitatis
1090 1878 1207 1965 aliquid
1231 1877 1344 1941 babere
1366 1898 1420 1953 eo,

263 1990 345 2079 quod
368 1992 460 2056 simul
482 2002 511 2054 et
533 1992 627 2055 altero
649 1992 774 2056 demum
798 1994 866 2057 loco
889 1993 1054 2056 laudantur
1077 1992 1185 2056 vetusti
1208 1992 1421 2057 commentarii

262 2109 403 2192 Regum3
435 2110 489 2196 qui
520 2117 623 2171 tamen
655 2131 719 2171 rem
753 2110 831 2174 bene
861 2108 1074 2195 perpenderit,
1104 2129 1144 2171 ue
1170 2108 1259 2170 tantis
1285 2107 1425 2191 capiatur

262 2223 414 2287 illecebris
436 2224 530 2309 probe
555 2223 686 2289 carebit.
711 2223 883 2289 Anticliam
911 2232 1107 2287 monumento
1132 2220 1209 2285 dixit
1230 2220 1275 2284 ibi
1296 2220 1423 2297 Cicero,

263 2348 329 2401 tum
352 2339 584 2401 commentarios
606 2340 748 2424 Regum,
781 2339 889 2403 eodem
912 2337 1018 2402 ordine
1040 2348 1071 2399 et
1104 2336 1211 2400 eadem
1253 2336 1317 2399 iere
1353 2356 1421 2398 sen·

264 2454 361 2516 tentia
384 2463 477 2538 atque
500 2453 563 2538 ipse
587 2455 705 2538 scripsit
725 2453 764 2516 de
786 2452 871 2518 Orat.
895 2454 920 2517 I.
944 2455 997 2519 60.
1020 2454 1108 2517 nno:
1143 2451 1330 2515 «Historiam
1352 2448 1422 2512 dico

266 2578 296 2630 ct
323 2565 516 2652 prudentiam
539 2568 613 2631 iuris
634 2568 751 2653 publici
775 2578 806 2631 et
826 2568 1015 2654 antiquitatis
1036 2567 1133 2629 iter».
1161 2565 1247 2628 Licet
1267 2562 1365 2641 adeo,
1397 2563 1422 2625 si

265 2682 358 2744 sclam
378 2685 559 2746 sententiam
580 2694 712 2768 spectes,
733 2683 810 2747 haec
829 2682 970 2746 Tulliana
992 2681 1176 2745 «annalium
1195 2691 1394 2744 monumenta
1403 2701 1420 2742 »

263 2818 334 2860 cum
358 2797 426 2860 loco
449 2798 574 2861 Liviana
596 2798 726 2865 XXVII.
750 2801 781 2862 8.
805 2801 843 2876 9,
866 2797 922 2861 ubi
944 2819 1043 2860 sermo
1065 2809 1110 2860 est
1131 2795 1169 2860 de
1193 2775 1280 2860 «nou
1300 2796 1424 2860 exoletis

264 2922 410 2974 vetustate
433 2913 590 2975 annalium
603 2913 788 2996 exemplis»,
809 2911 851 2974 ita
873 2911 1028 2988 conferre,
1050 2924 1085 2975 ut
1104 2911 1266 2999 utrubique
1288 2911 1423 2997 antiqui-

261 3028 331 3089 tatis
354 3030 517 3090 memoriae
539 3029 652 3112 opponi
676 3027 846 3090 efficiamus
868 3027 1048 3089 memoriam
1072 3026 1284 3091 recentiorem.
1313 3025 1422 3111 Neque

261 3143 358 3205 alium
380 3165 442 3206 esse
465 3144 627 3206 locutionis
651 3164 740 3205 usum
762 3140 869 3205 Cicero
886 3141 951 3225 ipse
969 3141 1077 3204 ceteris
1097 3139 1220 3204 duobus
1236 3162 1313 3226 quos
1333 3140 1426 3225 sigui-

262 3254 352 3321 ficavi
382 3256 455 3321 locis
486 3257 577 3340 plane
610 3254 727 3340 probat.
758 3255 895 3318 Servavit
927 3256 1011 3318 enim
1033 3256 1151 3318 Nouius
1172 3279 1201 3321 r.
1225 3274 1426 3340 capnoscerc,

263 3370 308 3436 lv
332 3392 361 3454 p.
382 3373 444 3434 275
467 3393 490 3436 s.
513 3370 535 3436 l.
562 3368 622 3457 (ed.
645 3369 736 3435 Roth.
762 3392 792 3454 p.
820 3369 915 3456 189),
949 3371 1007 3435 boc
1035 3374 1243 3458 lragmeutum
1270 3371 1424 3435 Hortensii

264 3485 417 3549 Tulliani:
452 3509 469 3549 <r
478 3485 565 3550 Unde
592 3497 695 3549 autem
718 3485 839 3548 lucilius
860 3505 955 3572 quam
976 3509 1013 3550 ex
1036 3486 1199 3550 annalium
1220 3485 1426 3550 monumentis

264 3611 318 3662 aut
340 3599 469 3662 bellicae
493 3621 538 3661 res
560 3609 614 3662 aut
636 3599 734 3662 omnis
758 3601 802 3662 rei
826 3600 969 3685 publicae
991 3599 1154 3685 disciplina
1177 3599 1423 3688 cognosciturln

266 3715 335 3794 Quo
355 3714 526 3798 fragmento
547 3732 641 3799 quam
663 3735 800 3798 perverse
821 3711 1009 3797 Pontificum
1028 3714 1157 3780 annales
1179 3738 1251 3801 prae
1272 3714 1339 3778 aliis
1358 3735 1427 3799 spe·

266 3829 342 3892 ctari
359 3826 508 3890 iudicaret
536 3827 580 3914 (p.
598 3825 676 3915 90),
699 3826 835 3893 Clericus
858 3825 959 3891 ridere
983 3839 1101 3913 poterat
1123 3852 1159 3894 ex
1182 3828 1322 3915 pluribus
1344 3829 1427 3892 eius·

266 3940 337 4006 dem
367 3943 517 4027 scriptoris
539 3942 633 4018 locis,
665 3964 799 4029 quorum
823 3953 867 4005 est
889 3941 936 4030 de·
950 3941 1035 4008 Orat.
1056 3945 1082 4008 l.
1107 3945 1158 4008 46.
1182 3944 1265 4005 not:
1292 3942 1425 4006 «Existi-

266 4080 397 4128 mem...
420 4066 617 4120 monumenta
639 4075 745 4120 rernm
766 4067 925 4141 pastorum
941 4055 975 4122 bt
996 4057 1154 4122 nctnstolis
1167 4056 1431 4140 cremplaoratori

266 4185 336 4237 nota
360 4195 423 4236 csse
445 4171 594 4238 debere».
616 4171 702 4235 Adde
725 4173 768 4237 l.l.
791 4176 842 4238 54.
865 4177 942 4252 1593
969 4172 1020 4237 sed
1043 4173 1148 4236 conler
1166 4174 1198 4236 iu
1217 4173 1325 4256 primis
1342 4172 1429 4234 Brut.

267 4287 376 4352 XCIII.
409 4290 491 4364 III,
524 4310 585 4374 quo
614 4288 682 4351 loco
714 4299 834 4374 praeter
866 4289 1059 4353 Hortensium
1091 4310 1182 4352 nemo
1205 4289 1237 4354 in
1259 4287 1429 4352 oratoribus

269 4402 448 4488 aequalibus
470 4414 606 4486 repertus
625 4400 751 4479 dicitur,
786 4403 867 4489 «qui
886 4404 1070 4468 memoriam
1091 4424 1198 4469 rernm
1221 4403 1431 4470 Humanarum

269 4527 403 4594 teneret,
427 4539 464 4581 ex
487 4538 566 4603 qua,
590 4517 613 4580 si
636 4515 759 4602 quando
777 4538 853 4603 opus
871 4528 966 4594 esset,
997 4517 1037 4581 ab
1055 4517 1160 4582 inferis
1180 4517 1431 4604 locupletissimos
