3150 5275
729 415 770 477 19

168 619 272 682 locum
306 617 439 682 Clericus
476 616 518 704 (p.
553 620 613 692 41,
651 619 713 681 556
749 637 816 702 sq.,
853 616 916 679 564
948 613 1007 701 sq.)
1040 616 1082 678 ita
1114 612 1261 699 dipescit,
1293 629 1328 679 ut

168 735 299 798 duomm
327 733 566 819 fragmentorum
594 722 728 795 alterum
747 729 889 795 exhibeat
914 751 931 793 u
941 730 1007 815 ipsa
1028 726 1190 793 annalium
1210 721 1324 795 verba:

167 849 249 936 quod
283 870 427 935 campum
465 848 647 912 Tiberinum
678 844 847 931 gratificata
880 856 956 909 esset
985 868 1021 909 ea
1058 844 1204 931 (Tarratia
1238 844 1321 933 Caia)

167 964 332 1049 populo»,
364 963 494 1025 alterum
522 960 627 1047 «quod
651 958 779 1023 crinales
809 958 1031 1024 adnotavere».
1063 960 1125 1025 Cur
1147 959 1224 1024 haec
1247 982 1326 1047 quo·

167 1099 228 1164 que
252 1077 367 1140 Plinius
389 1098 451 1139 non
474 1076 573 1160 potuit
595 1074 773 1160 depromere
796 1096 814 1137 a
838 1056 944 1160 quovis
966 1075 1124 1138 annalium
1156 1075 1321 1159 scriptore,

166 1191 249 1255 velut
271 1192 380 1254 Pisone
403 1202 433 1254 et.
456 1190 595 1265 Antiate,
621 1192 713 1276 paulo
735 1202 807 1255 ante
826 1192 866 1254 ab
888 1194 955 1277 ipso
973 1190 1120 1269 laudatis,
1142 1190 1194 1255 sed
1212 1190 1323 1274 scripta

165 1306 299 1391 oportuit
321 1307 353 1369 in
381 1306 449 1368 solis
471 1305 635 1369 attactibus
656 1306 806 1370 maximis
846 1308 897 1395 (cs.
928 1306 1048 1370 Gellius
1072 1305 1125 1372 VI.
1150 1305 1204 1393 7),
1228 1326 1323 1390 quos,

166 1420 250 1507 quod
271 1421 304 1483 in
323 1430 383 1482 tota
405 1418 464 1482 hac
489 1443 520 1483 re
545 1420 639 1505 probe
662 1420 850 1498 tenendum,
873 1423 905 1486 in
928 1422 1066 1507 plurimis
1077 1422 1252 1485 auctoribus
1263 1423 1324 1485 suis

165 1535 281 1599 Plinius
313 1556 352 1597 ne
382 1535 475 1597 semel
508 1534 632 1619 quidem
659 1535 935 1599 commemoravit?
963 1535 1007 1600 Cl.
1041 1535 1181 1599 Klotzius
1205 1558 1236 1621 p.
1261 1539 1322 1602 567

164 1672 236 1715 aun.
261 1652 332 1714 526.
352 1648 454 1734 Atque
477 1647 553 1711 haec
576 1648 613 1712 de
638 1647 745 1715 Plinio.

209 1764 275 1826 Non
305 1762 359 1825 «tiu
388 1784 442 1825 nos
472 1761 620 1827 tenebunt
642 1760 746 1824 Florus
769 1773 800 1825 et
822 1761 955 1837 Asellio,
978 1780 1110 1845 quorum
1131 1760 1184 1824 ille
1206 1761 1231 1827 l.
1258 1764 1318 1825 10:

168 1878 281 1940 «Tunc
310 1877 361 1939 illa
392 1870 530 1942 Romana
553 1876 697 1963 prodigia.
713 1888 806 1962 atque
831 1874 997 1951 miracula,
1021 1874 1139 1960 inquit,
1164 1877 1322 1953 Horatius,

166 1992 301 2069 Mucius,
334 1989 464 2069 Cloelia,
495 2012 575 2077 quae
605 1992 662 2055 nisi
691 1992 724 2055 in
753 1988 917 2053 annalibus
938 1990 1055 2067 forent,
1087 1987 1179 2054 hodie
1200 1989 1322 2055 fabulae

164 2104 387 2169 riderentur»:
420 2125 499 2190 quae
530 2105 612 2169 enirn
644 2103 721 2169 haec
744 2106 782 2168 sit
804 2103 915 2170 Clerici
941 2103 984 2192 (p.
1010 2108 1071 2188 42,
1096 2106 1171 2186 551)
1198 2107 1320 2183 fabula,

164 2244 254 2286 nemo
277 2244 339 2285 non
362 2220 453 2284 ridet.
479 2222 578 2284 ldcrac
601 2230 704 2283 autem
727 2241 829 2305 nugae
848 2229 918 2282 sunt
937 2219 974 2282 ad
995 2220 1140 2307 reliquias
1162 2221 1323 2286 annalium

165 2338 374 2402 maoeimortrrn
397 2336 523 2413 referre,
547 2346 583 2398 ut
604 2334 708 2398 retulit
729 2334 863 2398 Clericus
887 2357 917 2420 p.
943 2338 1000 2412 15,
1027 2340 1084 2399 151
1109 2358 1166 2423 sq.,
1192 2338 1322 2422 568sq,

164 2452 336 2537 Sempronii
367 2450 526 2514 Asellionis
557 2448 639 2535 apud
670 2447 808 2513 Gellium
841 2452 876 2515 V.
903 2452 941 2513 1ss
969 2448 1080 2527 rerba,
1113 2448 1226 2535 quibus
1248 2449 1322 2513 alios

164 2590 226 2631 esse
259 2564 386 2629 crinales
419 2562 568 2640 ostendit,
602 2562 675 2625 alias
709 2561 873 2641 historiae,
907 2563 1057 2651 quidquid
1090 2567 1154 2629 uult
1175 2556 1320 2630 'Clericus

167 2683 210 2770 (p.
236 2682 267 2771 7)
294 2681 387 2746 videri
412 2680 468 2744 hoc
491 2683 715 2765 fragmentum,
740 2677 822 2765 quod
845 2679 961 2744 scilicet
991 2680 1199 2760 Niebuhrius,
1236 2706 1319 2746 «au-

164 2807 230 2860 ctor
250 2797 305 2860 iste
336 2817 590 2882 epopoearum»,
615 2805 668 2856 aut
690 2794 830 2858 consulto
852 2797 986 2860 omiserit
1008 2809 1061 2860 aut
1083 2790 1250 2884 neglexerit
1276 2798 1318 2885 (p.

166 2909 261 2997 151),
292 2910 407 2996 primus
435 2932 471 2973 11
502 2907 625 2972 latebris
657 2907 770 2971 eruisse
803 2909 899 2995 inque
932 2912 1036 2976 lucem
1067 2913 1228 2999 protulisse
1261 2912 1321 3002 ().

163 3024 224 3090 Sed
247 3022 285 3087 ad
308 3023 493 3088 Asellionem
516 3024 594 3088 iufra
618 3020 758 3088 revertar.

207 3142 273 3205 Iam
305 3141 425 3204 livium
455 3138 619 3216 adeamus,
654 3139 686 3201 in
716 3139 805 3202 cuius
838 3138 975 3202 dictor-iis
1003 3162 1102 3227 quum
1133 3143 1202 3227 plus
1231 3141 1322 3206 111111

163 3254 328 3320 laudentur
357 3246 501 3331 annales,
534 3253 668 3318 Clericus
697 3255 870 3340 saepissime
893 3255 1018 3341 quidem
1042 3259 1165 3344 agnovit
1191 3281 1207 3321 (1
1217 3259 1319 3322 Ponti·

162 3370 256 3434 ficum
280 3391 446 3447 manum»,
469 3367 521 3432 sed
535 3403 576 3421 -·
590 3367 693 3431 «adsit
716 3369 992 3433 reverentiarero»
1015 3408 1056 3419 -
1079 3372 1248 3458 fragmenta
1260 3366 1316 3435 11-

162 3483 283 3548 nulium
317 3478 543 3560 maximorum,
584 3481 676 3568 digna
714 3505 794 3569 quae
832 3483 1002 3568 reciperet,
1039 3481 1160 3549 nonnisi
1188 3497 1321 3572 quatuor

164 3598 294 3675 detexit,
319 3619 450 3685 quorum
472 3599 619 3662 nimirum
642 3596 720 3661 illud
746 3595 1011 3684 (1V.7.10sqq.)
1036 3578 1135 3662 unum
1157 3599 1212 3674 sit,
1231 3598 1317 3685 'quod

165 3735 195 3799 p.
223 3715 262 3778 19
285 3734 358 3776 cum
381 3714 551 3776 testimonio
573 3713 710 3799 Dionysii
736 3712 802 3801 (XI.
827 3710 881 3798 61)
907 3713 1034 3779 contuli.
1057 3713 1198 3775 Alterum
1220 3735 1319 3798 quum

164 3827 284 3892 afferret
313 3827 448 3892 Clericus
479 3849 509 3912 p.
535 3829 596 3892 546
630 3825 711 3913 (coll.
744 3849 774 3912 p.
801 3829 859 3905 lt,
883 3828 944 3904 94,
970 3826 1064 3910 lar),
1088 3824 1172 3891 haud
1193 3828 1256 3891 scio
1278 3849 1318 3891 an

202 4125 239 4194 (1)
259 4123 405 4179 Memorare
428 4125 507 4179 eliam
531 4123 702 4179 Censorinum
726 4127 858 4196 poteram,
878 4121 923 4194 qui
948 4140 1028 4192 quum
1051 4119 1143 4176 dedic
1162 4119 1320 4176 nal.XVII

163 4219 246 4275 dicat:
276 4253 288 4279 r
296 4224 443 4293 temporum
469 4222 492 4276 si
516 4225 635 4276 velerum
661 4222 836 4278 revolvuntur
860 4223 1000 4287 annalem,
1025 4238 1086 4274 mox
1108 4217 1263 4274 laudaturus
1286 4217 1321 4273 Ir.

164 4319 297 4388 Pisonem,
316 4319 435 4375 Cassium
452 4319 606 4390 Heminam,
629 4321 676 4376 Cn.
696 4321 825 4387 Gellium,
842 4317 980 4373 Valerium
996 4317 1146 4382 Antiatem,
1166 4315 1243 4382 alica,
1262 4314 1320 4370 Cle-

163 4416 231 4472 ricus
249 4420 365 4473 leslalur
383 4437 407 4491 p.
426 4419 491 4473 118:
520 4420 712 4478 1611111111...
727 4463 732 4474 .
752 4419 853 4488 indique
872 4420 1016 4488 vapuemenl
1034 4416 1068 4468 ter
1086 4415 1215 4468 anciennea
1232 4414 1322 4468 Anna·

162 4517 233 4583 tear,
249 4519 339 4588 aperie
357 4515 507 4586 intelligens
516 4519 641 4573 maximos.
650 4516 685 4571 In
693 4516 743 4571 hoc
753 4518 825 4571 certe
834 4513 936 4569 cautior
944 4511 998 4567 fuit
1006 4510 1141 4578 Saxiusd.
1151 4527 1173 4565 c.
1182 4510 1214 4564 II
1223 4529 1248 4582 p.
1258 4511 1318 4566 651.
