3150 5275
828 434 870 497 at

272 620 434 687 iucundius
459 620 542 686 baud
567 625 630 689 scio
654 647 693 689 an
714 630 800 693 nulla
824 634 913 716 possit
934 632 1043 698 idonea
1065 637 1182 702 ratione
1204 635 1327 703 defendi
1353 639 1420 728 (l);

271 748 366 821 potest
388 757 474 814 vero,
493 735 576 823 quod
599 760 653 824 pro
675 763 711 805 eo
733 742 968 825 substituerunt,
991 748 1123 813 ieiunius
1130 771 1141 822 ,·
1170 750 1220 815 sed
1244 762 1278 816 ut
1297 756 1421 840 propius

272 874 289 914 a
320 852 441 937 vulgata
469 854 619 937 scriptura
646 858 731 922 abest
751 858 929 936 incomtius,
956 865 998 927 ita
1028 862 1103 927 buic
1135 866 1202 928 loco
1225 868 1323 931 multo
1346 889 1420 932 con·

269 968 350 1030 venit
371 970 476 1053 magis.
498 971 593 1033 Recte
614 972 697 1035 enirn
720 984 823 1037 mouet
844 975 967 1052 Bakius,
988 998 1082 1062 quem
1103 977 1338 1065 Feldbuegelius
1360 983 1417 1045 mi·

270 1083 352 1147 nime
373 1084 497 1161 refellit,
517 1086 567 1170 agi
587 1084 626 1149 de
649 1088 776 1151 artificio
796 1087 936 1155 historiae
958 1091 1155 1169 scribendae,
1178 1104 1209 1157 et
1230 1116 1324 1181 quam
1343 1095 1420 1161 illud

269 1209 345 1260 esset
374 1220 484 1262 munus
517 1201 691 1265 oratorium.
726 1203 883 1289 Quotquot
914 1207 1036 1268 annales
1069 1209 1270 1293 scripserant,
1304 1212 1420 1275 exilitas

268 1315 412 1378 sermonis
443 1318 562 1401 propria
595 1316 653 1379 fuit
686 1317 843 1395 omnium;
877 1319 929 1382 sed
954 1320 1040 1408 'hoec
1073 1334 1311 1410 quantacunque
1332 1336 1416 1403 erat,

269 1430 459 1514 praestabant
481 1441 582 1494 tamen
605 1432 649 1494 illi
671 1433 842 1495 eonomine
855 1434 1288 1519 longeonaola'bosmoorimis,
1302 1439 1417 1524 qnippe

267 1543 491 1630 quorumnuda
503 1556 533 1609 et
556 1543 710 1609 horridula
722 1546 816 1609 oratio
832 1568 870 1610 nc
890 1550 1029 1612 umbram
1047 1550 1172 1636 quidem
1191 1552 1262 1614 artis
1282 1552 1417 1617 referret.

266 1658 316 1720 Sic
339 1679 443 1721 omnes
463 1658 586 1722 annales
609 1660 778 1745 generatim
799 1671 905 1725 notans
930 1661 1056 1727 Ovidius
1077 1664 1155 1728 nibil
1182 1688 1245 1729 esse
1269 1663 1419 1729 hirsutius

190 1803 191 1809 .
268 1769 358 1849 dicit,
382 1772 468 1837 Trist.
491 1774 532 1837 II.
557 1776 619 1837 1119
634 1773 692 1861 (2).
711 1772 771 1837 Sed
793 1775 985 1839 attendamus
1003 1778 1123 1862 potius,
1146 1800 1240 1864 quam
1263 1780 1417 1865 praeclare

266 1908 338 1949 curn
359 1884 418 1949 hoc
440 1887 593 1951 Ciceronis
615 1888 786 1952 testimonio
805 1889 935 1952 alterum
953 1892 1133 1968 conveniat,
1164 1891 1246 1978 quod
1265 1894 1416 1979 principio
1477 1946 1479 1949 ,

266 2000 377 2084 Capitis
392 2001 425 2063 ΙΙ
443 2000 582 2064 landari:
609 2002 720 2065 «Hanc
748 2001 978 2066 similitudinem
999 2003 1152 2067 scribendi
1182 2006 1272 2069 multi
1294 2009 1417 2093 sequuti

265 2129 354 2195 sunt,
390 2119 443 2203 qui
474 2118 537 2181 sinc
563 2118 630 2181 ullis
659 2118 842 2180 ornamentis
869 2128 1067 2182 monumenta
1096 2118 1194 2181 solum
1222 2128 1415 2204 temporum,

267 2230 445 2310 bominum,
475 2234 612 2296 locorum
645 2244 862 2319 gestarumque
898 2255 999 2295 rerum
1039 2232 1267 2317 reliquerunt».
1308 2235 1416 2298 Atten-

266 2345 372 2410 damus
405 2347 518 2423 etiam,
553 2368 633 2435 quae
667 2350 757 2412 simili
790 2349 939 2411 sententia
971 2348 1127 2432 eleganter
1148 2346 1253 2409 scribit
1276 2348 1416 2429 Quincti-

268 2460 366 2523 lianus
388 2461 427 2523 X.
451 2462 480 2524 l.
506 2463 523 2522 7
549 2482 556 2522 :

369 2687 439 2758 Quid
462 2692 519 2744 erat
541 2688 676 2756 futurum,
699 2689 722 2744 si
748 2707 825 2745 nemo
846 2689 906 2762 plus
928 2688 1055 2746 effecisset
1077 2707 1125 2760 6ο,
1144 2709 1220 2764 quem
1237 2690 1413 2764 sequebatur?

333 2787 408 2842 Nihil
431 2788 459 2842 in
483 2786 567 2860 pottis
592 2805 671 2860 supra
697 2785 805 2842 Livium
829 2787 1024 2855 Andronicum,
1053 2789 1119 2844 nihil
1142 2789 1171 2845 in
1192 2790 1307 2845 historiis
1333 2810 1413 2864 supra

332 2885 482 2957 Pontificum
508 2888 611 2941 annoto
635 2884 797 2942 haberemus.
822 2884 937 2940 Ratibus
962 2885 1047 2941 adhuc
1062 2887 1240 2959 navigaretur.
1257 2888 1319 2943 Non
1344 2893 1413 2960 esset

332 2981 450 3054 pictura,
467 2981 518 3038 uisi
534 3001 600 3055 quae
614 2983 697 3038 lineas
713 2982 790 3039 modo
806 2986 936 3039 extremas
952 2982 1075 3051 umbrae,
1093 3002 1172 3055 quam
1189 3002 1297 3057 corpora
1314 2984 1342 3040 in
1359 2985 1414 3041 sole

333 3080 470 3149 fecissent,
486 3081 714 3138 circumscriberet.
842 3073 846 3081 ’

264 3267 351 3350 Quae
374 3269 475 3332 omnia
493 3269 518 3332 si
537 3270 693 3355 iungimus
723 3291 796 3332 cum
819 3270 1005 3346 testimonio,
1038 3267 1122 3354 quod
1151 3270 1291 3333 Serrium
1321 3271 1410 3335 audi·

263 3384 360 3447 vimus
389 3385 559 3462 dicentem,
595 3385 776 3448 Pontificem
807 3384 972 3447 Maximum
1003 3383 1164 3467 quotannis
1194 3385 1412 3471 «praescriptis

296 3668 337 3739 (1)
357 3665 488 3738 Singulari
519 3651 625 3739 prorsus
656 3666 757 3722 ratione
782 3667 815 3724 de
845 3668 956 3740 vulgata
987 3667 1116 3740 scriptura
1139 3669 1271 3723 iucundius
1296 3668 1415 3742 disputat

260 3765 376 3820 Clericus
393 3785 420 3838 p.
438 3767 470 3820 31
490 3784 547 3837 sq,
564 3781 597 3820 ex
613 3766 698 3824 Attici
714 3785 825 3840 persona
845 3786 903 3822 eam
924 3766 1146 3841 interpretandam
1172 3771 1262 3836 ratius,
1291 3769 1415 3842 Epicurei

258 3863 365 3919 scilicet.
388 3863 528 3919 Hominem
548 3867 636 3920 autem
653 3865 822 3937 Epicureum,
842 3868 875 3920 ut
891 3864 967 3922 docet
984 3865 1115 3934 Clericus,
1126 3883 1180 3921 non
1195 3884 1290 3937 magna
1306 3865 1413 3924 tenebat

260 3962 406 4018 reverentia
430 3981 534 4032 eorum,
556 3981 622 4034 quae
646 3963 844 4018 aPontificibus
856 3963 1086 4037 proficiscerentur.
1099 3962 1170 4032 Quid
1185 3963 1305 4033 quaeris?
1324 3966 1413 4023 Irooia

258 4065 307 4118 est.
334 4062 459 4133 Equidem
479 4062 590 4131 Clerici,
607 4081 660 4118 non
680 4061 765 4118 Attici
786 4080 842 4117 esse
861 4061 971 4118 ironiam
987 4061 1153 4130 crediderim,
1174 4061 1220 4133 qui
1236 4080 1288 4134 quo
1303 4063 1361 4119 iure
1380 4063 1410 4120 in

259 4158 366 4232 Epicuri
385 4160 467 4215 hortis
487 4159 618 4216 ambulare
638 4164 762 4232 cogatur,
780 4158 853 4214 effeci
863 4160 949 4214 Diatr.
961 4160 990 4215 in
1001 4161 1030 4216 Τ.
1043 4161 1168 4236 Pompon.
1179 4166 1239 4218 Att.
1252 4183 1277 4236 p.
1290 4166 1342 4220 160
1354 4183 1411 4238 sqq.

295 4259 333 4329 (2)
353 4258 394 4314 Cf.
413 4258 513 4314 Cellius
532 4259 582 4314 IX.
607 4262 657 4327 13,
679 4276 730 4330 quo
750 4258 808 4312 loco
830 4258 910 4314 verba
924 4257 1089 4333 Quadrigarii
1105 4263 1297 4338 adscripturus,
1316 4265 1412 4340 quibus

258 4356 360 4429 depicta
379 4376 468 4431 pugna
481 4362 521 4414 est
538 4359 632 4414 Manlii
652 4359 778 4430 Torquati
797 4360 825 4412 et
847 4357 931 4412 bostis
947 4359 1029 4428 Galli,
1052 4361 1192 4418 Claudium
1212 4363 1251 4418 ait
1273 4365 1340 4420 banc
1362 4383 1408 4437 pu·

256 4473 335 4526 gnam
349 4456 506 4531 apurissime
518 4461 597 4530 atque
608 4457 796 4523 illustrissime,
810 4455 971 4532 simplicique
983 4461 1011 4513 et
1022 4459 1137 4517 incomta
1148 4460 1274 4521 orationis
1286 4462 1410 4535 antiquae

256 4552 389 4608 suavitate
413 4555 576 4628 descripsisse
584 4588 606 4614 o.
1189 4567 1202 4598 '
