3150 5275
756 427 796 488 59

201 632 305 708 mimr,
326 649 420 716 quam
435 626 518 714 quod
543 625 624 691 idem
644 621 751 693 aldum
770 626 986 711 interpretatur
998 625 1147 711 parietem
1155 624 1224 687 atrii
1236 624 1347 709 regiae,

198 744 261 809 huc
281 743 403 810 tralleos
426 764 504 830 quae
526 752 596 807 suut
617 739 702 827 apud
720 740 884 827 Polybium
905 739 981 804 llist.
1002 740 1040 806 V.
1062 740 1114 802 33.
1130 741 1166 815 ὅ,
1180 734 1255 801 dum
1266 735 1350 801 hunc

198 862 318 940 locum,
337 861 377 924 ab
397 861 461 946 ipso
480 860 574 923 etiam
593 857 625 921 in
643 856 819 942 fragmentis
841 852 1008 939 canalium·
1027 854 1184 931 habitum,
1210 852 1351 939 queritur

196 977 340 1063 doletque
354 975 444 1060 vulgo
465 994 626 1059 perperam
649 969 805 1055 explicari.
827 966 898 1037 Vid.
912 968 978 1033 eius
997 992 1027 1053 p.
1047 970 1106 1045 30,
1124 969 1186 1044 83,
1207 969 1265 1031 101
1287 988 1347 1053 aq„

200 1092 272 1155 568.
284 1086 426 1175 Polybius
438 1088 539 1151 enim:
553 1074 721 1152 ’Ἐιιοιτῶι
735 1080 1061 1171 πραγματευομένων,
1080 1082 1190 1168 inquit,
1211 1072 1280 1146 οὐδ’
1294 1074 1349 1165 ἐφ’

193 1196 271 1273 ὅσον
299 1202 337 1269 οἱ
367 1194 415 1267 τοὶ
444 1192 725 1288 καιὰιιαιρούς
746 1194 783 1263 ἐν
808 1199 894 1270 ταῖς
919 1195 1237 1284 χρονογραφίαις
1262 1188 1354 1260 ὐπο-

192 1306 533 1404 μνηματιζόμενοι
564 1310 774 1384 πολιτικῶς
804 1306 860 1383 εἰς
889 1301 980 1383 τούς
1006 1307 1184 1393 τοίχους,
1207 1299 1274 1375 orid’
1299 1306 1355 1373 ἐπὶ

199 1430 357 1497 τοσοῦτον
384 1426 593 1517 torpedines,
616 1416 724 1500 πασας
745 1420 831 1513 φασὶ
858 1415 917 1495 τοὶς
944 1416 1027 1490 κατὰ
1063 1417 1120 1511 τήν
1139 1414 1279 1491 Ἑλλάδα
1299 1423 1354 1488 καὶ

199 1534 373 1632 Βαρβαροι
401 1531 646 1631 περιειληφέναι
674 1530 821 1629 πράξεις.
860 1537 961 1604 Cuivis
990 1538 1102 1625 legenti
1129 1550 1270 1624 apertum
1289 1561 1353 1603 esse

194 1656 307 1735 debet,
331 1655 378 1719 his
400 1677 457 1719 nec
481 1657 633 1719 Romanos
658 1654 782 1719 annales
816 1653 945 1737 spectari
978 1656 1162 1741 praecipue,
1191 1675 1250 1718 nec
1281 1676 1352 1719 vero

199 1770 305 1834 album
326 1770 480 1834 Pontificio
500 1770 640 1846 Maximi,
669 1765 721 1831 sed
751 1788 801 1831 eas
835 1767 975 1831 universe
997 1768 1253 1856 χρονογραφίας,
1272 1791 1351 1855 quae

197 1882 307 1949 tierent
317 1884 422 1969 priscis
443 1882 630 1970 temporibus
646 1880 796 1966 inprimis
814 1881 846 1945 in
866 1902 1019 1946 sacrarum
1036 1879 1160 1945 aedium
1176 1883 1352 1968 parietibus,

197 2009 282 2063 recte
302 2021 320 2062 a
341 1997 529 2077 Niebuhrio,
553 1998 654 2067 Vortr.
679 1997 694 2061 1
715 2018 745 2081 p.
770 1999 806 2072 5,
829 2016 902 2059 oum
931 1997 1092 2062 annalibus
1119 1998 1299 2064 Bertinianis
1325 2011 1356 2063 et

199 2111 399 2177 Fuldensibus
421 2114 555 2179 collatas.

243 2226 322 2290 Illuc
354 2236 496 2291 revertor.
530 2226 695 2291 Effeoimus
728 2226 843 2312 igitur,
875 2228 995 2312 rigente
1014 2224 1140 2291 demum
1161 2228 1299 2291 Romana
1321 2250 1354 2292 re

198 2338 324 2425 publica
348 2339 500 2403 institutas
525 2361 589 2404 esse
610 2340 765 2405 Pontificio
788 2340 922 2417 tabulas;
946 2341 1039 2404 statui
1055 2338 1098 2405 de
1119 2351 1256 2427 tempore
1277 2343 1354 2405 certi

203 2450 280 2515 nihil
301 2474 396 2538 posse.
418 2453 459 2516 At
477 2453 574 2518 multo
596 2464 713 2517 constat
731 2455 845 2539 magis,
867 2474 930 2540 quo
952 2454 991 2517 sit
1012 2476 1093 2518 anuo
1109 2455 1174 2519 albi
1185 2477 1256 2520 usus
1267 2455 1354 2520 abro-

197 2579 297 2656 gatus.
318 2568 425 2651 Quum
444 2567 527 2631 enim
547 2565 652 2631 Cicero
671 2567 847 2654 perdurasse
866 2566 951 2635 hunc
962 2589 1079 2633 morem
1090 2578 1216 2633 testetur
1229 2588 1355 2656 «usque

199 2686 238 2750 ad
254 2685 289 2751 P.
313 2686 452 2750 Mucium
472 2683 653 2748 Pontificem
677 2684 884 2762 Maximum»,
922 2705 982 2748 non
1009 2684 1105 2749 alium
1132 2683 1271 2770 designat
1297 2683 1355 2747 nisi

199 2806 234 2870 P.
257 2803 396 2868 Mucium
416 2799 611 2876 Scaevolam,
636 2800 690 2885 qui
709 2800 756 2864 ius
778 2800 868 2864 civile
887 2799 1028 2864 fundasse
1050 2810 1080 2864 et
1098 2796 1178 2864 hanc
1196 2799 1355 2864 scientiam

200 2919 235 2984 in
257 2928 381 3004 gentem
397 2914 531 2978 Muciam
550 2913 687 2978 intulisse
706 2913 819 2979 dicitur
841 2913 1001 3002 (Pompon.
1020 2913 1058 2978 de
1080 2915 1155 3000 orig.
1167 2915 1226 2978 iur.
1248 2913 1352 3001 §59),

197 3033 316 3121 quique
338 3051 412 3096 cum
430 3031 465 3095 L.
488 3028 651 3114 Calpurnio
673 3029 781 3093 Pisone
802 3030 912 3116 Frugi,
934 3031 1089 3095 notissimo
1106 3031 1159 3094 illo
1175 3051 1212 3094 ae
1224 3029 1356 3116 diligen-

200 3148 314 3212 tissimo
335 3143 494 3208 annalium
515 3141 682 3227 scriptore,
698 3165 726 3208 a.
748 3144 785 3208 U.
810 3146 871 3210 621
895 3144 1006 3211 consul
1029 3145 1075 3210 Ti.
1094 3145 1236 3212 Graccho
1254 3148 1355 3212 lavere

201 3264 280 3328 risus
299 3270 353 3326 est.
375 3256 471 3326 Cardo
493 3267 596 3320 tamen
627 3259 671 3321 rei
700 3257 788 3322 nobis
817 3259 851 3322 in
874 3257 933 3322 hoc
962 3270 1112 3338 versatur,
1143 3273 1179 3324 ut
1207 3262 1355 3339 sciamus,

198 3377 315 3465 quibus
336 3374 422 3439 aunis
441 3370 656 3435 Pontificatum
678 3372 846 3437 Maximum
874 3374 1010 3459 gesserit
1039 3371 1155 3454 Quodsi
1183 3375 1356 3439 Emestium

202 3489 361 3567 audimus,
382 3484 540 3551 reserenda
563 3497 607 3550 est
627 3507 645 3549 (r
654 3487 728 3551 ratio
748 3486 1011 3552 conficiendorum
1036 3488 1193 3550 annalium
1225 3486 1262 3550 ad
1290 3509 1355 3550 me·

204 3606 292 3670 dium
322 3624 417 3690 prope
446 3601 587 3665 seculum
618 3601 827 3686 septimum»;
858 3623 940 3688 quae
968 3599 1038 3665 ideo
1066 3599 1172 3677 laudo,
1205 3599 1288 3687 quod
1316 3601 1359 3664 ita

203 3720 357 3786 Ernestius
378 3729 459 3782 certe
479 3716 661 3793 declararit,
683 3715 756 3779 alias
776 3715 865 3780 fuisse
889 3715 1020 3795 tubulos,
1042 3718 1256 3783 aliosooooles
1273 3716 1358 3782 Poo-

202 3834 331 3920 tr'fioum.
354 3831 445 3915 Quod
465 3854 536 3896 rero
557 3829 640 3895 idem
661 3853 696 3894 er
721 3829 873 3895 Balduino
894 3832 943 3920 (1)
958 3835 1077 3912 statuit,
1092 3834 1208 3899 iactum
1219 3835 1355 3899 llucium

201 3972 267 4015 esse
296 3951 462 4016 Maximum
491 3946 672 4012 Pontificem
703 3947 843 4032 «aliquot
871 3945 997 4013 demum
1023 3951 1110 4014 anuis
1135 3962 1201 4036 post
1217 3952 1357 4016 consula·

204 4076 320 4138 tum»,
344 4086 381 4128 eo
403 4063 531 4127 certiora
557 4063 605 4125 rel
627 4083 664 4124 en
688 4060 856 4147 fragmento
875 4065 1166 4128 commentariorum
1185 4085 1357 4143 sacrorum,

202 4177 286 4268 quod
304 4203 335 4266 p.
357 4183 375 4243 7
395 4178 602 4264 transscripsi,
624 4177 776 4240 rescivisse
799 4188 933 4262 poterat:
955 4179 999 4243 ibi
1019 4183 1102 4245 enirn
1122 4183 1156 4248 P.
1173 4183 1292 4246 diucius
1304 4205 1359 4268 pro

243 4461 282 4531 (1)
300 4455 446 4528 Imisprud.
472 4456 563 4513 Mucia
580 4476 605 4529 p.
624 4457 657 4512 63
676 4455 716 4512 ed.
734 4455 815 4524 Hal,
839 4475 890 4527 quo
906 4455 973 4512 libro
990 4475 1044 4514 aon
1060 4462 1128 4516 utor.
1146 4459 1262 4518 Ernestii
1279 4462 1360 4519 verba

202 4560 279 4633 legas
297 4560 407 4618 Exotero.
424 4559 452 4615 io
469 4559 575 4617 Sueten.
592 4561 609 4617 I
626 4580 651 4633 p.
668 4558 717 4617 ΙΙΙ
736 4558 776 4615 ed.
795 4558 842 4616 oli.
