3150 5275
798 394 818 453 8

267 588 425 676 Ειροοεοο
451 589 489 654 δε
519 588 633 676 templo
661 602 691 653 et
717 601 815 654 statua
844 591 992 655 Fortunae
1026 591 1171 656 muliebri
1200 590 1365 666 dedicatis,

226 728 305 773 anno
337 718 402 793 post
433 708 664 771 reconciliatum
698 705 816 772 oIvibus
844 705 1062 784 Coriolanum,
1092 707 1253 793 Dionysius
1275 706 1374 772 IIaIIr.

229 824 265 885 A.
290 822 327 885 R.
350 821 435 887 VIII.
457 824 496 884 56
518 819 692 905 diligemius
710 830 830 883 enarrat
849 816 906 907 τὴν
925 817 1092 908 γενομένην
1112 810 1305 909 ἐπιφάνειαν
1323 817 1382 906 τῆς

229 932 306 1001 θεοῦ
325 927 395 998 κατ’
423 930 538 999 ἐκεῖνον
557 927 615 1002 τόν
641 928 769 1023 χρόνω,
796 929 856 1017 οόχ
875 925 980 1015 ἀπαξ,
1008 926 1091 998 ἀλλά
1110 932 1164 999 καί
1186 934 1249 1015 δὶς,
1273 926 1320 1008 ῶς
1341 931 1381 999 αί

226 1037 1381 1136 τῶνἹεροφοιντῶνπεριέχουσιγραφαί(1).ΗοεἰρίιιιιἿεροφοντῶν

230 1150 360 1251 γραφάς
369 1172 528 1225 secuturus
537 1163 588 1225 ilIe
599 1162 641 1224 sic
650 1162 759 1247 pergit:
770 1150 961 1248 Ἶστορεῖται
971 1156 1088 1239 τοίνυν,
1111 1151 1177 1242 ότι,
1193 1160 1251 1248 τῆς
1260 1162 1382 1250 βουλῆς

227 1266 459 1365 ψηφισαμένης
480 1275 515 1342 εἰι
532 1276 591 1343 τοῦ
606 1274 763 1363 δημοσίου
779 1264 890 1349 πάσας
908 1272 1179 1363 ἐπιχορηγηθῆναι
1189 1269 1249 1350 τάς
1269 1273 1316 1350 εἰς
1326 1267 1383 1342 τόν

227 1384 305 1459 νεῶν
313 1416 350 1457 τε
359 1391 413 1459 καί
422 1386 460 1457 τό
470 1382 584 1470 ξόανον
593 1379 875 1475 δαπάνας,έτερον
884 1379 914 1454 δ’
923 1380 1052 1475 ἀγαλμα
1061 1386 1384 1472 κατασκευασαμένου

228 1508 294 1575 τῶν
315 1506 484 1593 γυναικῶν,
508 1494 566 1593 ἀφ’
587 1494 631 1569 ῶν
647 1495 742 1569 αόταί
754 1494 942 1592 συνήνεγκαν
962 1494 1149 1593 χρημάτων,
1170 1500 1398 1571 ἀνατεθέντων

227 1614 256 1687 τ’
271 1613 375 1687 αὐτῶν
397 1612 591 1708 ἀμφοτέρων
612 1608 680 1698 ἅμα
701 1610 735 1682 έν
755 1616 797 1703 τῇ
816 1604 933 1704 πρῶτη
954 1616 1013 1704 τῆς
1036 1608 1237 1705 ἀνιερώσεως
1257 1610 1381 1706 ἡμέρᾳ,

231 1726 367 1824 θάτερον
373 1734 438 1799 τῶν
448 1722 690 1822 ἀφιδρυμάτων,
704 1723 722 1797 θ
739 1721 976 1796 κατεσκεάασαν
985 1730 1021 1797 αἱ
1029 1735 1181 1818 γυναῖκες,
1192 1729 1384 1819 ἐφθέγξατο,

229 1849 360 1917 πολλῶν
387 1847 577 1937 παρουσῶν,
607 1836 730 1935 γλῶττη
763 1845 890 1935 Λαιίνη
924 1838 1033 1936 φωνην
1066 1836 1232 1913 εάσόνετόν
1265 1867 1302 1911 τε
1328 1845 1382 1911 καί

228 1955 385 2052 γεγωνόν·
407 1955 446 2053 ἧς
467 1963 536 2029 ἐστι
557 1960 668 2049 φωνῆς
688 1950 1004 2048 ἐξερμηνευόμενοςὸ
1024 1960 1099 2035 νοός
1111 1958 1159 2035 εἰς
1172 1952 1230 2050 την
1242 1950 1383 2027 Ἐλλάδα

231 2069 395 2145 διάλεκτον
420 2066 558 2152 τοιόςδε·
584 2068 696 2158 Ὀσίῳ
717 2064 873 2149 πόλεως
893 2065 996 2159 νόμῳ
1018 2079 1196 2161 γυναῖκες
1218 2077 1383 2163 γαμεταὶ

229 2182 429 2257 δεδώκατέ
455 2212 511 2274 με.
540 2182 603 2257 Οἷα
628 2187 665 2254 δέ
698 2188 791 2278 φιλεῖ
817 2188 956 2275 γίνεσθαι
983 2191 1063 2279 περὶ
1090 2186 1149 2267 τάς
1176 2184 1386 2281 παραδόξως

234 2299 346 2395 φωνάς
366 2326 403 2369 τε
424 2302 478 2369 καὶ
500 2293 614 2391 όψεις,
635 2296 741 2392 πολλῆ
756 2306 827 2378 ταῒς
843 2294 1025 2393 παρούσαις
1044 2301 1211 2371 ἐνέπιπτεν
1232 2297 1383 2383 ἀπιστία,

232 2407 276 2506 μή
305 2408 380 2483 ποτ’
402 2408 441 2484 or}
460 2411 500 2484 τό
528 2408 640 2499 ξόανον
667 2418 718 2506 εἴη
740 2414 777 2483 τό
803 2408 1041 2504 φθεγξάμενον,
1069 2410 1255 2509 ἀνθρωπίνη
1282 2418 1319 2486 δέ
1338 2444 1385 2496 τις

231 2522 344 2621 φωνή·
366 2522 508 2617 μάλιστα
528 2530 579 2615 δὲ,
603 2525 664 2599 ὅσα
683 2525 769 2621 πρός
791 2522 880 2617 ἀλλην
902 2531 964 2598 τινί
984 2525 1040 2601 τόν
1062 2533 1134 2600 νοῶν
1154 2529 1288 2618 ἔχουσαι
1301 2558 1385 2621 τηνι-

230 2647 331 2712 καῦτα
353 2641 478 2732 ἔτυχον,
499 2645 555 2716 orn
574 2647 704 2715 ἰδοῦσαι
716 2642 755 2716 τδ
776 2641 997 2738 φθεγγόμενον
1014 2640 1042 2714 θ’
1056 2673 1088 2715 τι
1109 2640 1183 2714 ποτ’
1202 2635 1254 2737 ἦν,
1266 2638 1385 2736 ταύτην

231 2753 316 2846 εἶχον
336 2755 395 2849 τήν
410 2757 496 2852 πρός
508 2761 567 2838 τάς
585 2753 719 2838 ἷδοόσας
739 2755 1048 2832 ἀπιστίαν.”Επειτα
1061 2751 1155 2838 αὖθις
1167 2753 1384 2851 πληθύνονιος

230 2877 291 2943 τοῦ
304 2869 380 2958 νεεδ,
403 2875 456 2942 καί
467 2876 592 2968 σιωπῆς
604 2876 760 2966 πλείστης
770 2870 851 2944 κατά
863 2877 1001 2960 δαίμονα
1012 2877 1195 2967 γενομένης,
1216 2875 1248 2943 έν
1259 2875 1384 2960 μείζονι

232 2989 327 3079 φωνῇ
353 2983 392 3057 τό
420 2983 499 3057 αότό
519 2981 633 3072 ξόανον
660 2989 841 3080 ἐφθέγξατο
856 2982 913 3079 τῆν
934 2983 1032 3080 αάτην
1057 2989 1156 3072 λέξιν,
1176 2982 1262 3055 ῶστε
1285 2987 1385 3077 μηδὲν

231 3097 280 3170 έτι
290 3095 370 3170 εἶναι
381 3098 419 3171 τό
433 3096 623 3194 ἀμφίλογον.
634 3095 683 3172 Ἦ
691 3103 748 3186 μέν
760 3093 817 3170 οὖν
826 3098 926 3193 βουλὴ
941 3097 987 3179 ῶς
996 3104 1099 3169 ταῦτα
1113 3097 1245 3187 έμαθεν,
1259 3100 1384 3191 ἕψηφί·

232 3237 311 3286 σατο
334 3218 449 3294 θυσίας
471 3211 571 3294 ἀλλας
584 3217 639 3284 καὶ
651 3211 850 3301 σεβασμοθς,
874 3209 930 3292 οὓς
951 3211 990 3285 ἀν
1004 3216 1036 3284 οἱ
1045 3217 1110 3284 τῶν
1126 3215 1221 3304 ἱερῶν
1236 3213 1385 3304 ἐξηγηταὶ

232 3332 420 3420 παραδῶσι,
449 3323 521 3422 καθ’
546 3331 677 3398 ἕκαστον
698 3326 771 3407 ἔτος
786 3328 951 3398 ἐπιτελεῖν.
973 3331 1022 3399 Αἱ
1039 3329 1077 3397 δὲ
1097 3333 1242 3416 γυναῖκες
1261 3326 1293 3394 ἐν
1314 3322 1385 3395 έθει

235 3436 471 3534 κατεστήσαντο
491 3449 531 3534 τῇ
552 3449 608 3534 τῆς
646 3443 768 3534 ἱερείας
807 3437 1006 3534 χρησάμεναι
1035 3435 1159 3531 γνώμη,
1191 3444 1239 3527 τῷ
1276 3433 1381 3527 ξοάνῳ

231 3548 334 3642 τοότῳ
366 3547 447 3647 μήτε
475 3549 656 3648 στεφάνους
696 3557 872 3627 ἐπιτιθέναι
911 3552 992 3648 μήτε
1034 3562 1145 3647 χεῖρας
1183 3555 1387 3646 προσφέρειν

227 3674 387 3756 γυναῖκας,
433 3665 509 3739 ὅσαι
558 3670 717 3760 δευτέρων
758 3664 977 3762 ἐπειράθησαν
1006 3664 1137 3759 γάμων,
1159 3667 1216 3760 την
1234 3670 1271 3738 δέ
1292 3664 1395 3758 τιμάν

230 3785 284 3860 καί
325 3787 501 3874 θεραπείαν
534 3779 633 3853 αὐτοῦ
672 3788 776 3853 πᾶσαν
797 3777 1022 3854 ἀιτοδεδόσθαι
1054 3789 1126 3860 ταῖς
1145 3775 1321 3872 νεογάμοις.
1342 3819 1383 3836 -

232 3903 315 3965 Ηοεο
354 3902 426 3979 ille,
469 3925 548 3988 quae
589 3902 705 3967 Clerico
753 3902 796 3989 (p.
833 3904 913 3978 105,
949 3905 1010 3966 554
1041 3903 1098 3986 sq.)
1128 3902 1201 3963 item
1239 3896 1381 3961 videntur

232 4039 267 4080 ex
297 4014 460 4080 annalibus
485 4018 633 4081 ωαιιίωίε
650 4017 828 4104 deprompta
851 4039 931 4092 esse,
960 4038 1035 4102 quos
1057 4027 1160 4079 lamen
1181 4014 1251 4078 exili
1290 4024 1382 4100 atque
1413 4073 1415 4077 .

239 4208 559 4228 ..ῳ-Γ--ιυ-υ--σ-α
601 4217 602 4222 ,

234 4394 433 4472 συγγροφυλς,
468 4385 512 4466 ἀς
551 4387 719 4470 Πομπίλιος
751 4382 974 4472 συνεστήσατο,
1002 4400 1075 4470 patet
1107 4414 1140 4453 ex
1169 4395 1277 4454 laudato
1307 4413 1386 4470 supra

234 4499 312 4558 Livio
329 4500 354 4558 Ι.
373 4503 414 4557 32.
435 4503 460 4560 θ.

1556 617 1558 660 ι

1556 667 1558 724 I
