3150 5275
804 427 845 489 40

247 620 377 709 collegio
397 624 579 689 Pontificum
600 625 785 710 respondisse
808 626 936 689 traditur
951 627 986 690 T.
1008 626 1193 699 Flaminino,
1214 620 1255 701 Q.
1277 618 1395 683 tteretto

247 734 445 815 Consulibus,
467 738 528 802 sirc
549 761 576 803 a.
597 739 634 803 U.
657 741 716 805 651
735 738 794 827 (1).
817 740 1001 828 Atquebinc
1017 741 1139 804 fortasse
1159 736 1293 803 Orellius
1310 732 1393 797 Ono-

245 861 332 914 mast.
356 851 387 913 Il
406 873 438 937 p.
460 855 521 917 405
541 854 679 917 Mucium
698 853 879 919 Pontificem
900 855 972 918 facit
991 855 1157 918 Maximum
1178 853 1333 916 «circae.
1353 848 1391 912 U.

246 965 305 1027 631
334 963 464 1053 (656)».
495 966 604 1031 Contra
634 967 806 1033 Dodwellus
829 967 861 1057 (l.
883 970 904 1035 Ι.
927 991 958 1055 p.
983 967 1079 1055 666),
1109 987 1201 1054 quem
1223 965 1327 1049 plures
1348 984 1394 1025 se-

246 1079 311 1141 cuti
330 1091 416 1154 sunt,
439 1080 544 1144 album
565 1082 718 1147 Pontifiois
738 1085 926 1171 propositum
947 1086 1068 1170 negarit
1087 1093 1153 1169 post
1174 1102 1292 1144 annum
1310 1080 1392 1155 6253

244 1196 297 1258 cui
322 1198 430 1260 rationi
452 1197 605 1267 Beckerus
624 1201 639 1263 Ι
663 1222 697 1285 p,
714 1204 731 1263 7
751 1221 855 1285 reapse
873 1221 933 1262 nou
952 1198 1126 1262 adversatur
1150 1195 1211 1284 (2).
1238 1196 1275 1258 Et
1303 1214 1392 1268 vero,

244 1312 268 1373 si
288 1321 408 1375 tautum
426 1309 464 1373 dc
484 1333 564 1375 anno
582 1312 794 1398 quaerendum
810 1323 904 1390 esset,
930 1334 992 1400 quo
1010 1313 1044 1379 P.
1066 1312 1210 1377 Scaevola
1228 1319 1346 1372 oreatus
1358 1306 1395 1368 sit

246 1424 383 1487 Pontifex
411 1426 577 1505 Maximus,
610 1448 670 1490 non
701 1427 879 1491 fallerentur
911 1447 1113 1511 magnopere,
1145 1420 1393 1510 quandoquidem

243 1540 418 1601 successisse
440 1540 491 1602 ille
514 1540 545 1603 in
568 1539 752 1605 Pontificatu
763 1542 797 1604 P.
814 1541 933 1605 Licinio
943 1540 1045 1606 Crasso
1064 1538 1204 1615 ridetur,
1221 1537 1306 1600 fratri
1320 1556 1394 1612 suo,

245 1652 305 1713 sire
329 1651 412 1716 bunc
437 1650 598 1717 Consulem
619 1656 752 1719 occisum
774 1666 936 1740 putemus,
958 1660 992 1717 ut
1004 1664 1074 1718 sunt
1085 1652 1226 1717 nonnulli
1237 1661 1395 1726 auctores,

244 1766 306 1829 sire
327 1763 568 1844 Procoosttlcm,
592 1790 671 1855 quac
693 1780 723 1832 et
745 1771 951 1856 plurimorum
979 1780 1009 1833 et
1040 1770 1138 1853 potior
1165 1764 1313 1859 sententia
1340 1773 1394 1827 est.

246 1878 314 1943 Vid.
339 1902 366 1945 e.
388 1903 417 1966 g.
438 1881 500 1945 Cic.
514 1882 551 1944 de
570 1881 662 1967 Legg.
685 1882 742 1948 111.
770 1886 818 1948 19.
844 1885 901 1962 tu,
926 1884 1005 1951 Vell.
1027 1883 1091 1947 Pat.
1114 1882 1155 1947 ss.
1185 1884 1214 1945 4.
1237 1884 1265 1945 l.
1287 1878 1394 1941 Inierit
1464 1867 1468 1878 ’

240 1994 334 2079 igitur
353 1994 567 2059 Pontificatum
588 1998 706 2061 Mucius
729 2020 755 2063 a.
779 2000 815 2062 U.
837 2000 912 2063 664.
933 1998 1028 2084 Atqui
1049 2020 1085 2060 ex
1109 1994 1166 2058 boc
1195 2014 1257 2057 non
1285 2013 1390 2056 conse·

241 2110 363 2195 quitur,
398 2109 507 2174 eodem
526 2132 606 2175 annu
626 2112 807 2197 abrogatum
827 2134 889 2176 esse
909 2113 1026 2178 album.
1050 2111 1153 2180 Velim
1177 2108 1246 2172 fieri
1262 2108 1388 2184 certior,

241 2245 303 2310 quo
325 2235 505 2309 argumento
525 2236 658 2304 constet,
683 2227 780 2290 verbis
801 2227 949 2292 Tullianis
973 2246 1094 2311 <rusque
1122 2223 1164 2290 cd
1191 2225 1226 2292 P.
1255 2224 1391 2288 Mucium

239 2338 419 2403 Pontificem
447 2339 640 2405 Maximum»
661 2341 800 2424 primum
817 2364 934 2406 annum
952 2338 1151 2405 Pontificatus
1167 2337 1314 2414 indicari,
1330 2357 1390 2400 non

173 2482 184 2508 x
241 2474 324 2537 posse
343 2454 484 2529 alterum,
504 2474 564 2516 non
584 2456 724 2532 tertinm;
746 2456 846 2541 prouti
868 2458 893 2518 si
908 2457 1055 2541 scriptum
1075 2467 1151 2519 esset
1172 2478 1189 2519 a
1200 2475 1295 2541 usque
1306 2452 1344 2516 ad
1354 2452 1388 2516 P.

239 2570 378 2632 Mucium
402 2565 602 2646 Consulem»,
624 2590 720 2632 annus
742 2567 930 2633 indicaretur
951 2572 1025 2635 621.
1048 2566 1121 2632 ttihi
1142 2588 1319 2654 persuasum
1330 2587 1390 2629 non

239 2695 293 2757 cst,
303 2682 426 2769 quodin
438 2702 540 2745 annuo
553 2684 729 2769 magistratu
740 2684 829 2760 valet,
842 2683 874 2746 id
884 2684 982 2746 valere
995 2684 1026 2746 in
1038 2681 1214 2761 sacerdotio,
1223 2683 1391 2770 quodnun-

239 2817 333 2882 quam
345 2796 403 2858 nisi
415 2808 510 2861 morte
522 2797 663 2859 amissum
676 2807 729 2860 est.
742 2795 873 2878 Quodsi,
891 2807 926 2859 ut
936 2796 1195 2874 omninoridetur‚
1207 2798 1320 2860 locutio
1339 2797 1392 2859 illa

240 2921 321 2994 patet
343 2910 433 2973 latius
455 2922 486 2974 et
508 2909 546 2974 de
569 2932 651 2975 more
675 2923 735 2975 tarn
758 2911 852 2974 veteri
872 2921 964 2996 alque
985 2913 1149 2976 inveterato
1172 2914 1291 2978 Mucius
1312 2933 1389 2975 non-

238 3029 295 3090 nisi
320 3026 514 3112 ·gravioribus
545 3027 645 3090 causis
676 3036 847 3089 commotus
877 3015 1081 3090 desistendum
1113 3023 1262 3103 credidit,
1295 3026 1388 3113 idque

238 3143 363 3228 publice
394 3153 492 3206 ratum
522 3142 639 3204 lactum
668 3151 732 3216 est,
764 3137 846 3202 haud
876 3140 918 3203 ita
949 3140 1115 3205 absurdum
1141 3143 1178 3204 sit
1208 3141 1301 3205 etiam
1328 3140 1387 3203 boc

239 3280 363 3344 rogare,
386 3277 461 3319 num
486 3277 548 3342 qua
570 3256 662 3318 simul
682 3255 774 3318 fuerit
794 3252 960 3339 abrogandi
980 3256 1197 3339 opportunitas.
1227 3258 1297 3338 Qua
1318 3259 1388 3344 qui-

238 3374 310 3440 dem
329 3377 468 3449 inventa,
488 3393 560 3436 eum
580 3390 674 3456 quem
694 3369 911 3454 investigamus
929 3391 1043 3434 annum
1063 3371 1278 3435 invenerimus.
1299 3372 1388 3453 Quae

237 3485 313 3550 mibi
342 3484 514 3569 dispicienti
540 3504 602 3546 sese
623 3480 782 3556 obtulerit,
810 3503 872 3545 non
894 3483 1019 3561 celabo;
1046 3484 1098 3548 sed
1122 3483 1160 3548 de
1183 3487 1282 3549 causis
1303 3488 1386 3572 prius

237 3600 403 3666 dicendum
425 3608 479 3663 est.
592 3617 593 3621 ’
1055 3601 1060 3610 ’

228 3753 232 3759 ·
279 3715 346 3779 Non
364 3713 488 3777 omnino
508 3710 613 3797 probat
631 3710 764 3775 Clericus
789 3712 832 3798 (p.
848 3712 940 3801 1⁵24),
963 3734 1020 3800 ego
1041 3715 1167 3777 omnino
1188 3736 1250 3779 non
1271 3714 1385 3799 probo,

236 3830 365 3893 rationes
388 3826 531 3904 Ernestii,
557 3827 599 3888 sic
627 3824 824 3910 disputantis:
859 3828 986 3908 «Quare
1016 3829 1142 3891 omissus
1160 3827 1212 3890 ille
1235 3847 1297 3890 mos
1318 3839 1382 3892 tum

234 3945 344 4018 suerit,
368 3940 450 4005 haud
473 3940 616 4028 equidem
638 3940 708 4004 satis
728 3941 808 4003 scio:
831 3961 934 4026 neque
954 3952 1057 4004 tamen
1080 3963 1143 4006 rem
1163 3941 1254 4005 nimis
1275 3966 1293 4008 a
1315 3967 1384 4009 vero

272 4254 309 4322 (l)
329 4253 405 4310 Circa
421 4273 518 4310 aunum
535 4256 569 4311 U.
588 4258 638 4311 651
657 4256 687 4311 P.
707 4255 826 4310 Mucium
843 4255 911 4310 diem
927 4256 980 4310 iarn
1000 4255 1094 4322 obiisse
1111 4254 1278 4314 manifestum
1294 4261 1336 4314 cst
1351 4276 1384 4312 ex

234 4350 305 4423 Epit.
329 4353 388 4409 Liv.
411 4353 457 4409 lib.
481 4351 606 4408 LXVII:
629 4357 694 4408 tunc
711 4353 778 4409 enun
796 4352 920 4409 Pontifex
935 4354 1068 4410 Maximus
1084 4358 1188 4411 creatus
1205 4357 1246 4412 esi
1262 4355 1310 4413 Cn.
1327 4355 1381 4411 Do-

233 4449 324 4506 mitius
341 4451 539 4508 Ahenobarbus.

267 4548 306 4617 (2)
328 4547 390 4606 ..Im
406 4553 493 4605 ersten
509 4547 639 4603 Vierlheil
658 4546 703 4604 des
720 4547 854 4604 siebeuien
872 4549 1065 4606 Jahrhunderls
1075 4576 1097 4606 r.
