3150 5275
829 454 852 497 ll

258 672 377 753 luerit,
411 692 528 766 parurn
554 654 697 738 vhabebit
734 665 868 771 gratiae.
904 661 939 733 Si
973 661 1048 757 quis
1084 682 1159 729 vero
1191 656 1338 738 dubitet,
1366 682 1408 728 nn

258 849 374 921 operae
405 813 550 920 pretium
582 820 628 893 sit
651 842 723 889 rem
750 828 781 889 et
808 841 826 887 a
851 814 1007 912 plurimis
1034 823 1066 883 et
1090 811 1184 883 docte
1209 810 1407 882 illustratam

259 979 367 1050 denuo
394 976 607 1071 investigare,
633 973 669 1044 in
700 971 820 1068 primis
848 979 921 1063 post
942 966 1066 1039 editam
1096 966 1408 1038 commentationem

258 1127 400 1210 Clerici,
439 1125 637 1198 Professoris
676 1123 875 1195 Parisiensis
914 1123 977 1217 ('),
1013 1121 1091 1192 huic
1127 1121 1197 1215 ipsa
1233 1096 1418 1214 disputatio·
1512 1228 1516 1235 ἢ

262 1305 333 1352 mea
360 1279 577 1376 respondeat,
611 1302 694 1374 quae
725 1322 774 1333 -
808 1278 841 1349 id
868 1277 955 1375 quod
980 1277 1103 1346 evitare
1136 1295 1239 1368 quum
1268 1271 1411 1341 maxime

262 1431 458 1514 voluissem,
477 1456 542 1503 uon
561 1431 653 1527 potui
670 1472 718 1484 -
731 1430 815 1502 lectu
831 1429 900 1500 sere
918 1438 968 1499 est
981 1428 1020 1499 ad
1035 1427 1202 1499 Clericum
1220 1433 1407 1515 ἀντιγραφή.

259 1583 326 1654 Aut
349 1582 585 1678 defugiendum
625 1593 794 1655 certamen
827 1591 919 1663 erat,
948 1596 1004 1654 aut
1035 1579 1229 1652 certandum
1262 1578 1411 1650 sortiter:

263 1762 406 1833 namque
436 1739 472 1810 iu
503 1737 555 1810 lis
591 1738 739 1809 medium
771 1738 866 1834 sequi
897 1736 984 1809 nilril
1013 1734 1155 1830 prodest.
1185 1732 1272 1804 lllud
1300 1744 1411 1805 autem

262 1916 366 1988 quum
398 1893 481 1963 milri
513 1916 645 1989 operam
674 1892 757 1964 bene
789 1892 930 1965 multum
960 1890 1206 1987 lectoribusque
1234 1889 1316 1961 meis
1346 1889 1412 1961 for·

262 2054 348 2115 tasse
379 2045 459 2117 satis
490 2044 590 2116 taedii
618 2046 839 2141 pepercisset,
877 2070 994 2143 parum
1025 2046 1202 2117 convenire
1232 2056 1264 2116 et
1296 2046 1413 2141 utique
1452 2052 1455 2060 '
1565 2076 1566 2105 r

265 2197 370 2269 literis
414 2198 526 2270 minus
564 2200 777 2273 commodum
820 2199 1016 2282 videbatur3
1065 2200 1127 2272 hoc
1167 2191 1239 2272 ideo
1282 2223 1412 2295 quoque

265 2349 541 2446 praeferendum,
575 2353 661 2449 quod
690 2353 736 2425 itu
771 2352 817 2434 ii,
858 2352 980 2449 quibus
1017 2363 1131 2426 auctor
1159 2353 1309 2426 Clericus
1341 2379 1413 2449 pro·

263 2503 409 2587 limetur,
434 2507 619 2603 perspicuis
644 2506 806 2603 exemplis
832 2508 971 2589 moniti,
996 2532 1015 2579 o
1038 2508 1095 2579 toli
1121 2508 1204 2581 duce
1229 2509 1413 2581 cavendum

263 2685 335 2732 esse
370 2661 604 2758 intelligerent.
635 2661 805 2758 Quidquid
832 2663 923 2733 euim
950 2661 1239 2738 Lieberkuelrnius
1271 2665 1350 2760 (“),
1379 2677 1416 2738 ut

264 2820 355 2892 hunc
388 2819 541 2901 offeram,
575 2818 615 2890 de
655 2818 756 2889 altera
794 2815 873 2889 libri
917 2827 1009 2913 parte
1055 2817 1198 2913 benigne
1236 2820 1414 2902 iudicavit,

264 2972 386 3044 librom
420 2971 577 3066 optimum
611 2971 746 3054 dicens,
782 2983 815 3044 et
844 2972 990 3044 laudavit
1013 2973 1205 3057 Clericum,
1245 2974 1338 3069 looqe
1358 2974 1415 3045 do·

263 3125 466 3208 clusinum,
496 3125 747 3199 solertissimum
785 3135 817 3196 et
849 3124 1104 3198 disertissimum
1130 3129 1287 3199 Actorum
1312 3127 1416 3221 (diur-

264 3279 394 3373 norum)
423 3277 595 3350 recentiori
630 3289 771 3371 tmepore
798 3276 1025 3376 adversarium
1050 3278 1263 3374 praedicens,
1293 3277 1415 3373 quihus

265 3434 419 3507 laudibus
448 3458 508 3506 nec
535 3434 667 3506 invideo
696 3457 756 3506 uec
787 3433 955 3516 obtreoto,
982 3475 1029 3488 -
1056 3432 1234 3529 equidem,
1265 3431 1417 3529 quamvis

266 3588 328 3658 hoo
362 3588 405 3658 sit
443 3587 566 3659 durius
600 3586 784 3670 indicium,
820 3586 942 3659 Clerici
975 3587 1016 3659 de
1049 3612 1237 3660 innuimus
1273 3611 1416 3660 unxrrus

298 3941 337 4010 (*)
357 3941 407 3994 Dec
418 3941 549 4011 journauo
572 3942 629 3994 eder
651 3941 685 3993 deo
703 3940 834 4005 Romaim,
858 3941 996 3993 recherches
1019 3938 1151 4008 pre‘clde'er
1168 3938 1230 3992 d’un
1248 3938 1359 3994 mdmoire
1375 3958 1420 3992 our

264 4041 297 4094 leo
315 4040 427 4094 Annales
449 4040 491 4094 deo
509 4040 635 4116 populifer,
657 4043 683 4092 et
703 4039 792 4092 reicies
814 4039 844 4092 dc
858 4039 1003 4110 srupnaenls
1026 4039 1068 4092 des
1080 4039 1211 4109 journcuo
1233 4037 1263 4091 de
1285 4037 1423 4092 l'uncienoe

264 4139 356 4203 Rome;
374 4156 427 4207 par
443 4139 552 4193 u-Vict.
572 4138 605 4192 Le
626 4137 706 4205 Clerc,
730 4139 838 4193 Membro
859 4139 890 4193 de
911 4138 1037 4193 esuritor
1058 4139 1088 4192 do
1114 4139 1222 4204 Franco,
1244 4139 1329 4209 Doyen
1347 4138 1377 4190 de
1394 4139 1420 4190 lu

267 4235 374 4292 Faculte
388 4237 430 4292 deo
448 4237 542 4292 detineo
559 4238 589 4292 de
606 4238 693 4293 Puris.
712 4238 792 4292 Porio
810 4238 887 4299 1838.

302 4361 358 4431 (³)
383 4359 417 4415 In
442 4361 591 4418 rVindiciis
615 4361 741 4420 librorum
763 4365 860 4420 iniuria
883 4364 1085 4441 suspector-tumn
1112 4385 1139 4437 p.
1164 4367 1197 4433 l,
1223 4382 1333 4436 quarum
1358 4381 1420 4434 pers

265 4455 336 4528 prior
359 4460 399 4512 est
428 4458 568 4531 rEpistoln
584 4460 675 4517 critica
701 4463 733 4518 dc
757 4466 847 4518 vetere
868 4463 1023 4518 diurnorum
1041 4467 1160 4519 actorum
1183 4464 1331 4534 lragmcnto
1348 4461 1418 4520 Dod-

264 4554 384 4610 welliauo
402 4557 500 4630 scripta
517 4557 551 4613 ed
568 4553 703 4616 Victorem
721 4561 760 4615 Le
779 4560 934 4619 Clerciuml.
