3150 5275
791 422 833 481 84

235 618 452 706 amphitheatri
478 618 562 704 apud
589 618 740 702 Campum
768 618 910 681 Martium
936 619 1043 683 (laesae
1073 629 1278 698 exstruxerat,
1301 624 1387 687 volu·

234 736 318 797 mina
339 733 484 818 implere:
508 754 580 797 cum
601 754 638 796 ex
660 729 807 817 dignitate
833 733 939 817 populi
959 733 1090 796 Romani
1111 745 1266 818 repertum
1286 736 1323 799 sit
1341 758 1388 800 res

236 848 365 911 illustres
394 844 575 925 conalibus,
605 847 678 909 talia
705 844 826 909 diurnis
850 843 941 908 Urbis
958 844 1035 909 cotis
1060 845 1242 913 mandare».
1267 850 1387 929 Quibus

235 963 374 1026 universe
405 974 436 1027 et
464 961 640 1024 summatim
669 958 779 1023 borum
812 970 1081 1023 monumentorum
1113 957 1276 1026 discrimen
1307 963 1387 1028 indi-

236 1088 339 1156 catum
370 1075 446 1140 nibil
474 1073 571 1141 aliud.
599 1072 659 1138 Sed
687 1084 722 1137 ut
742 1072 780 1137 de
803 1074 983 1160 Sempronio
1004 1084 1127 1160 totaque
1150 1073 1209 1139 bac
1233 1098 1266 1139 re
1287 1076 1387 1141 absol-

236 1214 322 1269 vam,
351 1213 431 1278 quae
453 1191 542 1276 plura
562 1212 599 1253 ex
621 1189 720 1275 primo
741 1188 823 1252 illius
844 1186 923 1250 libro
944 1186 1062 1252 Gellius
1082 1187 1175 1251 tradit
1195 1188 1385 1255 adscribam:

239 1308 343 1370 «Nam
370 1327 473 1393 neque
499 1305 658 1369 alacriores
680 1302 718 1366 ad
742 1324 808 1367 rem
829 1303 987 1388 publicam
1008 1301 1256 1380 defendundam,
1286 1327 1388 1392 neque

236 1421 387 1507 segniores
414 1420 453 1485 ad
482 1441 546 1484 rem
575 1422 735 1505 perperam
763 1415 940 1483 faciundam
962 1416 1086 1479 annales
1108 1415 1177 1479 libri
1198 1437 1388 1483 commorere

236 1537 405 1623 quicquam
429 1545 563 1621 possunt.
591 1532 733 1597 Scribere
756 1544 860 1597 autem
884 1531 1002 1596 bellum
1025 1530 1136 1594 initum
1156 1553 1219 1617 quo
1239 1531 1386 1609 Consule,

235 1661 266 1715 et
287 1672 349 1738 quo
369 1650 545 1715 conlectum
565 1650 620 1724 sit,
643 1648 763 1733 etquis
786 1644 978 1732 triumphans
999 1646 1168 1720 introierit,
1198 1659 1229 1711 et
1251 1670 1288 1712 eo
1309 1648 1389 1711 libro

237 1786 317 1851 quae
349 1764 380 1827 in
412 1762 493 1827 bello
524 1774 607 1848 gesta
636 1762 695 1824 sint
723 1761 854 1837 iterare,
887 1782 950 1824 non
981 1759 1156 1845 praedicare
1189 1772 1242 1824 aut
1273 1762 1391 1824 interea

237 1877 313 1965 quid
334 1878 463 1942 Senatus
483 1876 669 1953 decreverit,
698 1887 752 1939 aut
774 1897 854 1962 quae
875 1876 924 1939 lex
948 1876 1099 1961 rogatiove
1121 1875 1181 1938 lata
1202 1877 1256 1948 sit,
1288 1896 1389 1961 neque

238 1992 352 2080 quibus
370 1993 502 2057 consiliis
524 2015 560 2055 ea
583 2001 666 2077 gesta
688 1990 760 2066 sint;
785 1990 818 2054 id
838 1990 956 2054 fabulas
979 1990 1083 2076 pueris
1103 2001 1147 2053 est
1170 2011 1307 2067 narrare,
1331 2012 1392 2053 non

237 2106 374 2172 historias
396 2108 568 2171 scribere».
601 2103 741 2171 Concedo
762 2104 893 2168 libenter
914 2106 1091 2193 credoque,
1115 2129 1225 2192 magna
1247 2117 1391 2191 exparte

239 2221 317 2285 haec
335 2222 427 2285 etiam
446 2222 479 2284 in
500 2218 650 2283 moeimis
661 2217 826 2283 annalibus
837 2220 981 2298 valuisse,
1002 2243 1171 2307 eorumque
1189 2222 1310 2284 sortasse
1331 2221 1393 2283 iam

237 2347 305 2400 tum
314 2347 491 2422 coeptorum
507 2334 551 2423 (l)
567 2334 678 2399 confici
690 2334 839 2398 rationem
850 2334 892 2398 ita
912 2336 1004 2399 simul
1019 2333 1171 2422 designari
1187 2337 1342 2413 universe;
1363 2346 1394 2400 at

235 2471 298 2514 non
327 2447 462 2513 concedo
492 2470 550 2512 nec
579 2447 687 2527 credo,
709 2450 742 2512 iu
760 2448 1079 2533 publicis-ononimus
1097 2473 1159 2514 uon
1180 2450 1389 2536 praedicatum

239 2586 319 2642 esse,
346 2576 425 2628 «aut
449 2565 524 2651 quid
547 2566 676 2631 Senatus
697 2564 881 2645 decreverit,
912 2578 965 2631 aut
988 2588 1067 2653 qnae
1089 2567 1138 2630 lex
1159 2568 1312 2654 rogatiove
1334 2566 1394 2629 lata

241 2681 317 2746 sit».
340 2681 408 2744 Non
429 2679 555 2744 fuissent
575 2680 694 2764 publici
714 2679 857 2759 dicendi,
887 2681 941 2766 qui
962 2681 1073 2745 barum
1092 2704 1195 2747 rerum
1214 2683 1395 2745 memoriam

241 2795 511 2881 praetermisissent
532 2795 669 2862 canolas.

282 2911 386 2974 Restat
411 2921 445 2973 ut
470 2910 603 2988 faciam,
634 2912 716 2998 quod
745 2911 813 2976 fieri
850 2911 882 2974 in
914 2910 1128 2977 huiuscemodi
1167 2912 1395 2999 quaestionibus

242 3025 338 3102 solet,
363 3034 397 3087 nt
419 3023 457 3089 de
479 3024 539 3090 lide
561 3028 653 3090 etiam
673 3026 835 3090 canalium
856 3025 1066 3090 maximorum
1097 3024 1247 3090 iudicium
1277 3024 1395 3104 dicam3

242 3138 325 3227 quod
346 3151 429 3204 certe
451 3162 512 3204 non
533 3142 600 3205 lere
621 3143 779 3228 negotium
804 3163 864 3205 nec
884 3142 974 3205 facile
998 3154 1061 3220 est,
1084 3144 1108 3206 si
1130 3144 1333 3229 perexiguum
1351 3153 1397 3206 at·

241 3253 348 3319 tendas
369 3257 609 3341 fragmentorum
631 3278 796 3321 numerum
818 3257 1010 3342 aliorumque
1030 3257 1186 3330 locorum,
1210 3257 1397 3342 quieooon·

243 3370 309 3439 sitio
340 3369 479 3434 adbiberi
514 3383 645 3456 possunt.
675 3370 735 3436 Sed
766 3370 825 3434 hac
853 3373 886 3435 in
916 3393 948 3434 re
974 3372 1034 3435 tale
1064 3370 1213 3436 indicium
1244 3372 1276 3435 id
1305 3372 1398 3437 habet

242 3506 363 3569 prorsus
383 3484 552 3568 singulare,
572 3495 607 3546 ut
624 3483 663 3548 de
683 3483 742 3548 fide
760 3485 923 3549 ferendum
945 3486 982 3548 sit
999 3484 1194 3568 publicorum
1215 3485 1395 3562 oooolt'um,

243 3621 374 3686 quorum
397 3599 489 3661 altera
513 3620 579 3682 pars
600 3620 697 3685 quum
719 3600 901 3674 interiisset,
929 3599 970 3663 ab
988 3598 1180 3682 amplissimis
1201 3619 1238 3662 ac
1258 3599 1395 3684 gravissi-

244 3713 302 3776 mis
326 3713 395 3776 viris
417 3735 453 3777 ex
477 3712 601 3797 publiea
621 3715 799 3778 auctoritate
823 3714 958 3778 restituta
978 3725 1040 3790 est,
1063 3713 1157 3777 altera
1175 3733 1224 3776 eas
1236 3733 1282 3775 res
1299 3712 1397 3774 conti-

243 3826 353 3904 nebat,
377 3848 452 3913 quas
473 3825 572 3912 iidem}
584 3826 638 3889 viri
651 3849 820 3914 eorumque
831 3828 949 3892 scribae
971 3827 1023 3914 (cl.
1037 3850 1066 3911 p.
1081 3828 1133 3915 bl)
1148 3825 1292 3911 deinceps
1303 3825 1397 3888 literis

279 4140 318 4210 (1)
338 4139 424 4192 bibres
437 4138 507 4193 enim
522 4157 601 4196 remam
615 4147 742 4214 pastorum
754 4141 809 4198 sive
822 4144 939 4197 aaaron
951 4141 1066 4208 Asellio,
1084 4139 1129 4212 qui
1149 4170 1161 4197 r
1170 4137 1219 4193 sub
1236 4137 1267 4194 P.
1280 4136 1398 4211 Scipione

243 4235 367 4292 Africano
374 4235 505 4292 Tribunus
513 4237 666 4296 militumad
673 4240 845 4296 Numantiam
855 4240 922 4296 luilr
934 4238 1059 4310 (Gellss.
1069 4238 1124 4307 13),
1132 4235 1225 4291 saltem
1234 4253 1286 4289 non
1294 4234 1399 4289 videtur

243 4333 374 4406 scripsisse
391 4337 452 4390 aute
467 4354 490 4391 a.
508 4336 543 4393 U.
554 4339 619 4405 625,
636 4337 777 4410 siquidem,
794 4338 884 4394 eodem
902 4337 987 4394 Gellio
1004 4334 1176 4401 tesleI.13‚
1193 4332 1222 4388 in
1239 4332 1272 4386 iis
1284 4329 1401 4386 namavit

243 4431 275 4486 de
289 4431 319 4488 P.
332 4433 426 4489 Crasso
444 4433 569 4492 Muciano
586 4436 643 4492 rita
659 4437 711 4492 iam
729 4437 854 4493 defuncto
863 4461 871 4503 ;
889 4455 965 4508 quem
983 4431 1087 4506 quaudo
1098 4431 1266 4488 interfectum
1279 4428 1400 4495 tradant,

241 4531 397 4589 dictumest
415 4553 439 4606 p.
460 4536 502 4590 40.
