3150 5275
823 457 865 519 82

269 660 319 736 52,
333 658 373 721 39
388 676 432 743 sq.
443 656 528 720 Talia
537 658 592 741 qui
603 656 772 741 investiget,
793 655 910 740 quique
923 654 1155 737 investigantem
1167 652 1278 715 refutet
1290 698 1298 727 ,
1309 672 1418 715 eorum

266 786 432 859 utrumque
455 773 558 836 oleum
581 783 611 835 et
633 792 756 857 operam
780 768 907 855 perdere
929 768 1110 854 putaverim.
1123 767 1217 831 Ilnlto
1230 766 1420 829 verisimilius

264 888 451 954 Niebuhrius
465 887 515 975 (R.
524 886 561 951 G.
570 887 585 949 I
594 909 621 971 p.
633 888 694 948 ‘257
704 883 761 971 sq.)
772 882 932 947 coralium
940 882 1150 946 moaeimorum
1158 902 1220 944 non
1230 880 1416 965 descriptum

265 1002 459 1088 exemplum,
491 1000 543 1064 sed
574 1002 721 1063 rationem
753 1018 923 1082 expressam
946 996 1065 1059 censuit
1086 1018 1105 1057 a
1126 995 1210 1057 Livio
1232 983 1271 1059 X.
1297 996 1347 1059 47.
1370 992 1419 1057 Ad

263 1138 356 1204 quem
378 1116 481 1178 locum
504 1112 614 1175 addere
637 1134 735 1198 quum
758 1112 860 1197 plnres
883 1111 1009 1196 possim,
1033 1109 1079 1171 lris
1099 1108 1222 1172 tandem
1242 1107 1338 1171 finem
1359 1110 1419 1170 im-

263 1232 414 1316 positurus
433 1250 530 1292 unnm
550 1226 737 1303 describam,
760 1225 816 1312 qui
835 1222 912 1288 nihil
930 1224 989 1286 nisi
1010 1222 1219 1307 prodigiorum
1240 1226 1419 1288 memoriam

263 1347 397 1411 eontinet
412 1365 582 1429 eorumque
603 1342 858 1428 procurationem.
891 1362 907 1402 (1
916 1339 981 1402 Nou
1000 1360 1067 1401 snm
1096 1340 1303 1403 nescius—sic
1331 1341 1415 1403 enim
1516 1374 1518 1379 ·

261 1460 415 1547 praefatur
435 1460 536 1522 Livius
555 1458 664 1522 XLIII.
692 1460 730 1519 15
754 1495 794 1505 -
824 1454 864 1518 ab
884 1453 992 1517 eadem
1014 1454 1218 1540 negligentia,
1251 1477 1313 1541 qua
1335 1455 1415 1520 nihil

262 1574 340 1638 Deos
361 1570 540 1658 portendere
561 1572 652 1656 vulgo
672 1592 755 1635 nuno
775 1568 918 1645 credant,
949 1590 1050 1655 neque
1081 1572 1223 1633 nunciari
1253 1570 1417 1633 admodum

262 1688 347 1753 nulla
368 1684 505 1771 prodigia
524 1687 556 1747 iu
584 1683 761 1769 publicum,
794 1705 895 1769 neque
920 1685 952 1745 iu
981 1683 1105 1746 annales
1135 1686 1250 1749 referri
1275 1685 1416 1750 Ceterum

262 1799 390 1867 etmihi
414 1809 543 1905 vet'ustas
566 1820 612 1861 res
630 1798 773 1863 scribenti
796 1800 981 1885 nescioquo
1007 1808 1094 1885 pacto
1125 1800 1271 1886 antiquus
1294 1801 1328 1863 fit
1350 1802 1415 1863 ani-

165 1936 166 1939 ’
261 1938 346 1993 mus,
370 1926 400 1979 et
419 1913 570 2001 quaedam
593 1912 699 1999 religio
718 1924 819 1990 tenet,
843 1936 922 1999 qnae
941 1914 988 1977 illi
1013 1914 1239 2000 prudentissimi
1268 1918 1325 1979 riri
1355 1939 1414 2001 pu-

261 2031 341 2095 blice
361 2027 553 2114 suscipienda
573 2029 762 2105 censuerint,
791 2050 826 2091 ea
857 2050 912 2112 pro
939 2029 1073 2114 indignis
1107 2029 1239 2106 habere,
1275 2052 1355 2115 quae
1381 2030 1415 2093 in

261 2168 344 2210 meos
365 2145 488 2209 annales
510 2144 679 2209 referam».
702 2143 848 2228 Sequitur
867 2144 950 2207 unda
971 2148 1102 2210 narratio
1134 2147 1181 2211 rel
1211 2148 1311 2232 potius
1337 2168 1416 2210 enn-

261 2263 388 2326 merotio
410 2260 634 2347 prodigiorum,
656 2280 735 2345 quae
757 2260 818 2323 visa
842 2272 911 2323 sunt
934 2284 964 2325 a.
991 2263 1028 2328 U.
1051 2266 1126 2327 585.
1160 2286 1178 2327 o
1187 2264 1325 2349 Anagnia
1354 2263 1416 2327 duo

261 2376 398 2464 pmdigia
420 2398 457 2440 eo
478 2396 558 2439 anuo
580 2386 650 2439 sunt
670 2376 833 2439 nunciata:
859 2376 957 2440 lacem
977 2379 1009 2440 in
1032 2379 1119 2441 coelo
1147 2390 1362 2468 conspectam,
1385 2390 1417 2442 et

259 2492 368 2557 bovem
388 2492 534 2555 seminam
555 2490 689 2553 locutam
712 2490 836 2575 publice
856 2491 898 2553 ali
929 2490 989 2578 (l).
1017 2491 1178 2555 Minturnis
1206 2512 1330 2578 quicque
1360 2514 1416 2577 per

260 2628 311 2671 eos
332 2603 395 2670 dies
417 2604 495 2668 coeli
518 2603 650 2668 ardentis
674 2605 791 2690 species
811 2602 984 2670 adfulserat.
1014 2607 1110 2670 Reate
1138 2603 1232 2669 irubri
1260 2606 1414 2692 lapidavit.

261 2725 364 2791 Cumis
384 2724 416 2786 in
438 2743 507 2786 erce
525 2721 635 2806 Apollo
655 2719 793 2783 triduum
814 2742 851 2784 ao
873 2731 934 2784 tres
954 2734 1057 2784 nomes
1079 2724 1256 2786 lacrimavit.
1280 2723 1317 2785 In
1336 2723 1415 2785 urbe

259 2845 398 2907 Romana
419 2841 480 2905 duo
501 2838 626 2904 Aeditui
646 2836 850 2916 nunciarunt,
873 2838 965 2914 alter,
984 2839 1015 2900 in
1028 2837 1105 2902 aede
1115 2838 1266 2900 Fortunae
1277 2858 1412 2921 anguem
1446 2926 1449 2930 Δ

261 2957 400 3020 iubatum
430 2979 447 3018 a
477 2955 688 3040 compluribus
707 2955 804 3016 visum
828 2975 907 3031 esse,
936 2954 1029 3030 alter,
1060 2955 1092 3015 in
1115 2952 1191 3015 aede
1209 2953 1413 3036 Primigeniae

260 3073 427 3147 Fortunae,
461 3092 540 3156 quae
566 3073 598 3132 iu
618 3068 695 3132 colle
717 3079 776 3144 est,
799 3067 861 3130 duo
888 3067 1004 3129 diversa
1033 3068 1191 3154 prodigia:
1219 3069 1352 3152 palmam
1381 3071 1413 3133 in

260 3207 330 3249 area
351 3194 489 3262 enatam,
512 3195 542 3246 et
561 3184 708 3270 sauguine
731 3181 866 3246 interdiu
888 3183 1010 3267 pluisse.
1035 3184 1102 3246 Duo
1120 3197 1331 3269 nonsnscepta
1343 3207 1414 3269 pro-

259 3296 343 3385 digia
362 3309 447 3362 sunt:
473 3299 619 3374 alterum,
643 3297 722 3385 quod
743 3298 774 3360 in
797 3299 913 3381 privato
934 3299 1001 3361 loco
1022 3299 1137 3362 laetum
1160 3309 1255 3374 esset,
1279 3281 1430 3383 palmam

261 3424 382 3477 enatam
409 3413 557 3498 impluvio
586 3435 640 3476 suo
667 3415 702 3478 T.
733 3414 861 3475 Marcius
892 3413 1017 3503 Figulus
1046 3415 1229 3491 nunciabat3
1261 3415 1411 3494 alterum,

259 3525 341 3613 quod
360 3527 393 3589 in
415 3527 483 3588 loco
503 3528 679 3610 peregrino,
703 3527 845 3611 Fregellis
868 3529 899 3589 in
922 3526 1012 3591 domo
1031 3529 1063 3592 L.
1086 3530 1167 3594 Atrei
1190 3529 1296 3607 hasta,
1318 3552 1410 3616 quarn

260 3639 323 3703 filio
345 3639 436 3702 militi
459 3650 590 3717 eruerat,
613 3640 745 3704 interdiu
769 3643 837 3725 plus
856 3641 932 3705 duas
958 3641 1044 3704 lrovas
1066 3645 1188 3721 arsisse,
1216 3645 1257 3707 ita
1280 3655 1315 3708 ut
1335 3643 1412 3708 nihil

260 3928 409 3998 appellauit
426 3925 589 3999 aujourd’lui
605 3925 648 3980 dee
665 3925 817 3997 precedente
828 3943 896 3996 pour
913 3929 936 3980 le
952 3929 1063 3999 roupi).
1079 3927 1216 3998 Numquid
1232 3930 1321 4000 polest
1337 3946 1412 3984 exco-

259 4025 338 4098 gitari
355 4023 490 4097 ineptius?
507 4023 546 4079 Aa
562 4022 657 4079 Livius
673 4041 704 4078 eo
722 4023 779 4079 loco
796 4027 923 4079 memorat
939 4027 1050 4081 conules.
1069 4025 1144 4081 Haec
1163 4044 1204 4081 res
1221 4031 1270 4082 est.

295 4155 333 4226 (1)
352 4153 450 4208 Parum
466 4154 537 4207 reete
553 4151 618 4206 haec
635 4149 772 4222 procedere
790 4150 855 4205 selis
872 4154 992 4223 apertum
1009 4154 1089 4223 alque
1106 4152 1134 4207 iu
1152 4152 1271 4208 confesso
1279 4156 1328 4208 est.
1346 4151 1410 4207 For-

258 4255 328 4308 tasse
353 4255 414 4323 post
441 4249 594 4309 ilocutemr
622 4247 719 4306 excidit
745 4266 887 4321 pronomen
903 4269 965 4306 eom.
984 4251 1108 4306 Ceterum
1125 4252 1206 4308 verba
1230 4251 1409 4308 attendentem

257 4349 386 4405 neminem
411 4347 488 4404 facile
513 4349 676 4420 praeterere,
703 4363 736 4400 ex
763 4327 837 4402 tonte
855 4365 886 4403 ea
903 4353 1029 4404 manasse
1040 4353 1204 4422 pervetusto.
1232 4350 1306 4406 Adeo
1332 4349 1410 4405 Fabii

257 4450 284 4528 et
310 4446 389 4502 Ennii
415 4449 533 4518 tempora
558 4444 640 4500 refert
666 4443 713 4498 illo
742 4443 811 4502 ubos
837 4443 970 4504 leminea.
1002 4446 1060 4501 Nee
1086 4447 1205 4520 profecto
1222 4447 1352 4506 recentius
1369 4450 1411 4504 esi

257 4528 343 4622 οἷ’παξ
363 4530 521 4618 λεγόμενον
540 4547 636 4609 Ambit
655 4526 826 4622 lapidarius
