3150 5275
741 444 780 505 55

186 646 402 735 accipiendum
426 647 463 709 sit
493 643 551 732 (1).
581 643 751 717 Postremo,
780 663 817 704 ea
843 663 936 727 quam
963 642 1105 725 proposui
1132 642 1246 705 ratione
1275 644 1336 707 sola

188 764 356 849 explicatur
394 758 545 825 Ciceronis
578 776 638 819 uon
672 754 741 819 dico
775 754 813 818 de
843 776 972 819 numero
1004 756 1150 819 librorum
1184 758 1337 821 silentium

188 914 230 925 —
254 896 387 960 namque
408 894 481 936 eum
501 881 535 934 ut
555 880 736 933 memoraret
766 868 1007 958 haudquaquam
1034 872 1092 935 tuit
1123 894 1257 958 opus-
1286 871 1338 936 sed

188 990 335 1065 sententia
363 987 507 1051 dicentis:
540 987 588 1048 «ii
616 987 671 1072 qui
705 986 825 1049 etium
856 1006 959 1050 uuae
980 987 1107 1052 conules
1130 987 1262 1053 mcoimi
1283 1010 1338 1051 no-

188 1108 389 1170 minantur».
421 1103 480 1165 Fac
514 1099 646 1164 eundem
680 1102 770 1165 Ennii
804 1122 928 1165 carmen
959 1100 1135 1165 laudantem
1167 1104 1335 1188 scripsisse:

190 1244 207 1285 u
216 1220 238 1284 ii
267 1221 321 1306 qui
349 1220 440 1282 etiam
469 1238 552 1280 nunc
576 1215 704 1280 conates
731 1217 1165 1295 nominantura,uounevel
1188 1220 1335 1283 Milium

187 1334 323 1401 Crassum
353 1332 391 1396 ad
423 1331 587 1396 cachinnos
614 1332 849 1422 commovisset?
882 1332 977 1397 Crede
1011 1332 1103 1411 mibi,
1135 1333 1228 1397 etiam
1258 1353 1338 1397 ouoc

186 1448 279 1526 dixit,
304 1446 405 1535 quod,
436 1446 574 1539 quamvis
596 1457 672 1509 esset
694 1445 836 1510 historiae
859 1446 1037 1511 scribendae
1060 1471 1134 1512 cura
1157 1448 1274 1535 pridem
1296 1448 1335 1511 ad

186 1564 346 1628 Pontifices
365 1562 493 1626 Minores
515 1560 632 1639 delata,
660 1574 694 1625 ut
714 1572 781 1625 tum
803 1561 988 1626 Pontificum
1012 1562 1129 1626 scribae
1151 1561 1336 1639 audiebant,

187 1676 386 1742 nihilominus
405 1687 490 1739 retus
510 1696 621 1739 nomen
634 1674 794 1753 manebat,
813 1652 941 1740 conules
961 1677 1104 1745 marciani.
1128 1679 1197 1760 Quo
1214 1678 1337 1741 nomine

186 1794 247 1857 iam
277 1791 459 1867 admoneor,
491 1799 526 1853 ut
553 1791 586 1852 in
614 1790 670 1866 iis,
700 1810 779 1874 quae
810 1788 849 1852 ad
874 1788 959 1855 huuc
990 1793 1114 1855 titulum
1149 1793 1336 1877 pertineant,

186 1907 360 1993 singulatim
378 1903 496 1991 aliquid
518 1925 627 1988 operae
649 1926 771 1988 ponam.

228 2022 351 2083 Praeter
388 2030 520 2082 veterem
552 2017 635 2082 bunc
667 2018 863 2107 eundemque
895 2043 1000 2087 verum
1036 2021 1179 2099 titulum,
1214 2021 1290 2085 alter
1318 2044 1337 2085 a

186 2134 331 2201 Cicerone
353 2134 392 2198 de
411 2156 442 2197 re
468 2134 554 2218 publ.
574 2135 614 2200 Π.
641 2136 680 2197 15
702 2145 794 2222 atque
816 2159 835 2199 a
858 2136 1004 2201 Diomede
1026 2138 1046 2200 Ι.
1071 2137 1091 2201 Ι.
1114 2136 1255 2215 affertur,
1279 2157 1337 2221 pu-

186 2247 259 2312 blici
279 2247 426 2319 ooooles;
450 2269 543 2334 quem
567 2250 634 2334 quis
645 2248 855 2314 damuaverit?
878 2251 943 2333 Qui
964 2252 1045 2315 tituli
1069 2250 1234 2315 damnandi
1257 2252 1333 2330 siut,

187 2376 218 2428 et
238 2363 350 2450 quibus
371 2361 409 2427 de
429 2365 538 2442 causis,
560 2364 771 2449 Gaplcffeci.
793 2366 885 2429 Nunc
907 2363 985 2429 addo
1005 2365 1134 2430 canales
1152 2366 1260 2451 populi
1277 2366 1336 2431 aa·

189 2478 284 2557 morai,
301 2478 436 2542 laudatos
456 2479 488 2541 iu
510 2480 645 2543 oratioue
667 2499 721 2564 pro
742 2476 833 2542 domo
850 2480 980 2546 XXXII.
1003 2483 1055 2546 86.
1073 2482 1158 2546 Mitto
1168 2482 1249 2545 euim
1262 2504 1336 2546 con·

187 2593 377 2670 troversiam,
407 2611 487 2679 quae
517 2605 561 2658 est
581 2592 619 2658 dc
641 2592 732 2659 huius
751 2594 893 2658 orationis
914 2596 1079 2682 scriptore,
1101 2619 1162 2684 quc
1184 2598 1249 2684 ipso
1272 2600 1337 2662 eius

187 2707 351 2772 testimonii
373 2705 447 2770 fides
475 2728 537 2770 non
558 2707 709 2793 frangitur
744 2707 810 2795 (b);
836 2706 903 2787 sed,
943 2711 980 2773 sit
1007 2711 1080 2776 licet
1114 2735 1186 2776 «res
1211 2712 1338 2796 publico

187 2843 234 2886 res
246 2820 399 2906 populi»,
415 2822 468 2885 alii
485 2833 554 2885 suut
571 2823 694 2886 annales
704 2825 912 2888 Romanorum
919 2822 1055 2906 publici,
1074 2826 1127 2888 alii
1141 2827 1264 2889 annales
1280 2846 1335 2909 po·

182 2935 252 3020 puli
283 2933 423 3000 Romani.
452 2935 514 2998 Illis
545 2935 669 3021 publica
699 2938 878 3000 auctoritate
908 2938 1011 3022 scripti
1038 2938 1110 3001 libri
1141 2939 1333 3020 indicantur,

186 3053 232 3118 bis
263 3053 489 3130 commentarii,
523 3051 635 3138 quibus
662 3052 768 3137 populi
798 3052 930 3115 Romani
952 3073 998 3114 res
1018 3041 1228 3137 exponuntur,
1251 3057 1335 3141 quis·

183 3169 250 3254 quis
270 3189 320 3232 eos
342 3168 460 3252 scripsit
480 3179 534 3230 aut
554 3165 664 3244 edidit;
688 3188 789 3253 neque
811 3165 888 3230 adeo
907 3166 1033 3230 meliore
1054 3167 1120 3231 iure
1133 3169 1332 3233 Pontificibus

219 3454 257 3523 (1)
276 3452 411 3523 Tanquam
428 3450 456 3506 iu
473 3450 588 3506 transitu
605 3467 772 3518 memoro,ex
789 3449 940 3506 testimonio
958 3450 1037 3506 Gellii
1054 3451 1089 3506 N.
1107 3452 1141 3506 A.
1151 3449 1201 3506 IV.
1221 3454 1236 3505 5
1263 3451 1332 3523 (rEa

183 3552 292 3608 historia
308 3581 344 3596 -·
361 3551 458 3625 scripta
484 3554 525 3606 est
550 3551 578 3607 in
603 3551 737 3606 canalibus
762 3550 876 3605 maioris
901 3549 968 3606 libro
994 3548 1130 3606 undecimo
1154 3552 1182 3605 et
1198 3549 1226 3605 in
1243 3549 1331 3605 Verrii

183 3649 270 3706 Flacci
293 3649 361 3705 libro
383 3649 466 3722 primo
483 3667 570 3704 rerum
587 3646 710 3704 memoria
728 3647 868 3719 dignarum
875 3650 901 3719 a)
921 3646 1023 3704 Olerico
1040 3667 1067 3722 p.
1086 3649 1139 3703 112
1158 3648 1333 3704 coniecturam

181 3750 279 3806 factam
302 3767 372 3817 esse,
396 3766 460 3804 num
483 3748 551 3803 forte
573 3749 602 3802 iu
625 3747 672 3816 iis,
697 3745 742 3818 qui
767 3749 886 3802 mammos
905 3749 1009 3803 enuclea
1026 3747 1207 3815 confecerunt,
1225 3747 1335 3804 Verrius

184 3849 272 3905 fuerit.

221 3948 259 4017 (t)
278 3946 328 4002 nst
344 3945 411 4002 illud
428 3945 618 4002 huiuscemodi:
639 3947 699 4004 aAt
716 3965 795 4015 vero,
814 3950 846 4001 ut
863 3948 1069 4016 concorporati
1084 3947 1334 4002 commetamu-

182 4048 271 4102 menta
294 4045 436 4101 vetustatis
457 4045 615 4117 loquuntur,
633 4045 721 4101 Kaeso
738 4044 783 4100 itte
802 4043 928 4114 Quintius
945 4048 974 4099 et
991 4043 1030 4099 M.
1049 4043 1144 4099 Furius
1162 4043 1289 4100 Camillus
1306 4047 1334 4100 et

181 4143 220 4198 M.
240 4141 288 4214 (sic
305 4161 353 4215 pro
370 4143 411 4215 Ο.)
432 4143 557 4200 Servilius
575 4143 676 4212 Ahala,
697 4163 777 4217 quum
795 4147 883 4200 essent
901 4142 999 4216 optime
1017 4143 1049 4198 de
1067 4161 1095 4198 rc
1113 4143 1220 4216 publica
1237 4142 1332 4212 meriti,

181 4244 270 4297 tamen
293 4241 384 4314 populi
406 4242 509 4298 incitati
532 4243 586 4298 vim
611 4241 825 4316 iracundiamque
852 4243 1005 4311 subierunt3
1031 4243 1202 4316 damnatique
1222 4244 1336 4300 comitiis

184 4339 337 4396 centuriatis
364 4358 443 4412 quum
467 4339 619 4396 inexilium
637 4341 829 4414 profugissent,
848 4361 939 4398 rursus
958 4343 991 4398 ab
1009 4343 1098 4399 eodem
1116 4342 1213 4416 populo
1229 4342 1334 4415 placato

185 4441 248 4494 suut
276 4438 304 4495 in
331 4457 405 4496 suam
431 4439 569 4512 pristinam
594 4439 751 4512 dignitatem
768 4440 915 4528 restitutit.
936 4443 1008 4499 Usus
1026 4447 1067 4499 est
1084 4445 1133 4500 boc
1150 4443 1210 4502 locu
1225 4444 1334 4511 Sarius,

183 4535 292 4596 Miscell.
311 4538 383 4611 Lips.
402 4557 462 4596 nov.
481 4540 511 4596 II
530 4559 555 4612 p.
575 4539 634 4598 647.
