<?xml version="1.0" encoding="UTF-8"?>
<!DOCTYPE html PUBLIC "-//W3C//DTD XHTML 1.0 Transitional//EN"
    "http://www.w3.org/TR/xhtml1/DTD/xhtml1-transitional.dtd">
<html xmlns="http://www.w3.org/1999/xhtml" xml:lang="en" lang="en">
 <head>
  <title>
</title>
<meta http-equiv="Content-Type" content="text/html;charset=utf-8" />
  <meta name='ocr-system' content='tesseract 3.04.00' />
  <meta name='ocr-capabilities' content='ocr_page ocr_carea ocr_par ocr_line ocrx_word'/>
</head>
<body>
  <div class='ocr_page' id='page_1' title='image "./disputatiocriti00hullgoog_0035.png"; bbox 0 0 3150 5275; ppageno 0'>
   <div class='ocr_carea' id='block_1_1' title="bbox 763 424 804 483">
    <p class='ocr_par' dir='ltr' id='par_1_1' title="bbox 763 424 804 483">
     <span class='ocr_line' id='line_1_1' title="bbox 763 424 804 483; baseline 0 0"><span class='ocrx_word' id='word_1_1' title='bbox 763 424 804 483; x_wconf 65' lang='lat'><strong>⁶35</strong></span> 
     </span>
    </p>
   </div>
   <div class='ocr_carea' id='block_1_2' title="bbox 209 615 1370 3804">
    <p class='ocr_par' dir='ltr' id='par_1_2' title="bbox 209 615 1370 3804">
     <span class='ocr_line' id='line_1_2' title="bbox 248 615 1362 714; baseline 0.012 -35"><span class='ocrx_word' id='word_1_2' title='bbox 248 615 344 681; x_wconf 84' lang='lat' dir='ltr'><strong>Multo</strong></span> <span class='ocrx_word' id='word_1_3' title='bbox 356 617 443 701; x_wconf 92' lang='lat' dir='ltr'><strong>plura</strong></span> <span class='ocrx_word' id='word_1_4' title='bbox 470 616 593 701; x_wconf 83' lang='lat' dir='ltr'><strong>vestigia</strong></span> <span class='ocrx_word' id='word_1_5' title='bbox 615 618 800 685; x_wconf 86' lang='lat' dir='ltr'><strong>Pontificum</strong></span> <span class='ocrx_word' id='word_1_6' title='bbox 823 644 841 684; x_wconf 89' lang='lat' dir='ltr'><strong>a</strong></span> <span class='ocrx_word' id='word_1_7' title='bbox 863 622 981 688; x_wconf 86' lang='lat' dir='ltr'><strong>Clerico</strong></span> <span class='ocrx_word' id='word_1_8' title='bbox 1003 624 1088 710; x_wconf 90' lang='lat' dir='ltr'><strong>apud</strong></span> <span class='ocrx_word' id='word_1_9' title='bbox 1110 628 1230 691; x_wconf 86' lang='lat' dir='ltr'><strong>Latinos</strong></span> <span class='ocrx_word' id='word_1_10' title='bbox 1251 627 1362 714; x_wconf 90' lang='lat' dir='ltr'><strong>deprc-</strong></span> 
     </span>
     <span class='ocr_line' id='line_1_3' title="bbox 213 728 1364 826; baseline 0.011 -33"><span class='ocrx_word' id='word_1_11' title='bbox 213 728 317 809; x_wconf 90' lang='lat' dir='ltr'><strong>hendi,</strong></span> <span class='ocrx_word' id='word_1_12' title='bbox 331 752 393 794; x_wconf 91' lang='lat' dir='ltr'><strong>non</strong></span> <span class='ocrx_word' id='word_1_13' title='bbox 415 728 580 795; x_wconf 84' lang='lat' dir='ltr'><strong>admodum</strong></span> <span class='ocrx_word' id='word_1_14' title='bbox 604 733 716 798; x_wconf 92' lang='lat' dir='ltr'><strong>mirum</strong></span> <span class='ocrx_word' id='word_1_15' title='bbox 740 736 870 802; x_wconf 85' lang='lat' dir='ltr'><strong>videtur.</strong></span> <span class='ocrx_word' id='word_1_16' title='bbox 893 735 987 801; x_wconf 80' lang='lat' dir='ltr'><strong>Affers</strong></span> <span class='ocrx_word' id='word_1_17' title='bbox 1000 740 1082 802; x_wconf 89' lang='lat' dir='ltr'><strong>enim</strong></span> <span class='ocrx_word' id='word_1_18' title='bbox 1095 741 1202 826; x_wconf 88' lang='lat' dir='ltr'><strong>viginti</strong></span> <span class='ocrx_word' id='word_1_19' title='bbox 1220 742 1284 805; x_wconf 87' lang='lat' dir='ltr'><strong>fere</strong></span> <span class='ocrx_word' id='word_1_20' title='bbox 1304 743 1364 806; x_wconf 86' lang='lat' dir='ltr'><strong>fra-</strong></span> 
     </span>
     <span class='ocr_line' id='line_1_4' title="bbox 210 850 1364 936; baseline 0.008 -26"><span class='ocrx_word' id='word_1_21' title='bbox 210 858 344 934; x_wconf 86' lang='lat' dir='ltr'><strong>gmenta,</strong></span> <span class='ocrx_word' id='word_1_22' title='bbox 364 868 494 933; x_wconf 89' lang='lat' dir='ltr'><strong>quorum</strong></span> <span class='ocrx_word' id='word_1_23' title='bbox 507 868 604 933; x_wconf 91' lang='lat' dir='ltr'><strong>quum</strong></span> <span class='ocrx_word' id='word_1_24' title='bbox 616 850 762 936; x_wconf 83' lang='lat' dir='ltr'><strong>pleraque</strong></span> <span class='ocrx_word' id='word_1_25' title='bbox 773 853 858 915; x_wconf 91' lang='lat' dir='ltr'><strong>nullo</strong></span> <span class='ocrx_word' id='word_1_26' title='bbox 868 853 935 916; x_wconf 91' lang='lat' dir='ltr'><strong>iure</strong></span> <span class='ocrx_word' id='word_1_27' title='bbox 945 853 1266 919; x_wconf 74' lang='lat' dir='ltr'><strong>maximisonools‘bus</strong></span> <span class='ocrx_word' id='word_1_28' title='bbox 1276 855 1364 920; x_wconf 93' lang='lat' dir='ltr'><strong>adiu·</strong></span> 
     </span>
     <span class='ocr_line' id='line_1_5' title="bbox 215 962 1366 1049; baseline 0.007 -23"><span class='ocrx_word' id='word_1_29' title='bbox 215 962 377 1039; x_wconf 91' lang='lat' dir='ltr'><strong>dicentur,</strong></span> <span class='ocrx_word' id='word_1_30' title='bbox 400 964 521 1028; x_wconf 90' lang='lat' dir='ltr'><strong>nonnisi</strong></span> <span class='ocrx_word' id='word_1_31' title='bbox 543 967 687 1049; x_wconf 78' lang='lat' dir='ltr'><strong>pauciora</strong></span> <span class='ocrx_word' id='word_1_32' title='bbox 710 969 858 1031; x_wconf 87' lang='lat' dir='ltr'><strong>rationem</strong></span> <span class='ocrx_word' id='word_1_33' title='bbox 881 965 992 1031; x_wconf 92' lang='lat' dir='ltr'><strong>horum</strong></span> <span class='ocrx_word' id='word_1_34' title='bbox 1014 969 1171 1032; x_wconf 85' lang='lat' dir='ltr'><strong>annalium</strong></span> <span class='ocrx_word' id='word_1_35' title='bbox 1195 971 1264 1033; x_wconf 89' lang='lat' dir='ltr'><strong>satis</strong></span> <span class='ocrx_word' id='word_1_36' title='bbox 1286 970 1366 1034; x_wconf 87' lang='lat' dir='ltr'><strong>bene</strong></span> 
     </span>
     <span class='ocr_line' id='line_1_6' title="bbox 209 1078 1363 1171; baseline 0.01 -29"><span class='ocrx_word' id='word_1_37' title='bbox 209 1079 320 1143; x_wconf 88' lang='lat' dir='ltr'><strong>referre</strong></span> <span class='ocrx_word' id='word_1_38' title='bbox 343 1078 494 1145; x_wconf 85' lang='lat' dir='ltr'><strong>ridentur.</strong></span> <span class='ocrx_word' id='word_1_39' title='bbox 518 1080 637 1165; x_wconf 81' lang='lat' dir='ltr'><strong>Agmen</strong></span> <span class='ocrx_word' id='word_1_40' title='bbox 660 1083 758 1167; x_wconf 88' lang='lat' dir='ltr'><strong>aperit</strong></span> <span class='ocrx_word' id='word_1_41' title='bbox 769 1080 822 1145; x_wconf 93' lang='lat' dir='ltr'><strong>hic</strong></span> <span class='ocrx_word' id='word_1_42' title='bbox 835 1083 978 1149; x_wconf 83' lang='lat' dir='ltr'><strong>Varronis</strong></span> <span class='ocrx_word' id='word_1_43' title='bbox 987 1084 1072 1147; x_wconf 88' lang='lat' dir='ltr'><strong>loeus</strong></span> <span class='ocrx_word' id='word_1_44' title='bbox 1085 1132 1092 1159; x_wconf 91' lang='lat'><strong>,</strong></span> <span class='ocrx_word' id='word_1_45' title='bbox 1103 1082 1141 1147; x_wconf 84' lang='lat' dir='ltr'><strong>de</strong></span> <span class='ocrx_word' id='word_1_46' title='bbox 1158 1086 1233 1171; x_wconf 91' lang='lat' dir='ltr'><strong>ling.</strong></span> <span class='ocrx_word' id='word_1_47' title='bbox 1246 1085 1310 1149; x_wconf 89' lang='lat' dir='ltr'><strong>Lat.</strong></span> <span class='ocrx_word' id='word_1_48' title='bbox 1324 1086 1363 1154; x_wconf 85' lang='lat' dir='ltr'><strong>V.</strong></span> 
     </span>
     <span class='ocr_line' id='line_1_7' title="bbox 213 1193 1367 1284; baseline 0.003 -25"><span class='ocrx_word' id='word_1_49' title='bbox 213 1196 254 1261; x_wconf 92' lang='lat'><strong>10</strong></span> <span class='ocrx_word' id='word_1_50' title='bbox 285 1217 315 1281; x_wconf 91' lang='lat' dir='ltr'><strong>p.</strong></span> <span class='ocrx_word' id='word_1_51' title='bbox 344 1198 405 1259; x_wconf 83' lang='lat'><strong>79:</strong></span> <span class='ocrx_word' id='word_1_52' title='bbox 438 1197 500 1260; x_wconf 83' lang='lat' dir='ltr'><strong>«Er</strong></span> <span class='ocrx_word' id='word_1_53' title='bbox 526 1218 595 1260; x_wconf 90' lang='lat' dir='ltr'><strong>arae</strong></span> <span class='ocrx_word' id='word_1_54' title='bbox 629 1193 674 1282; x_wconf 87' lang='grc'><strong>(1)</strong></span> <span class='ocrx_word' id='word_1_55' title='bbox 708 1195 858 1260; x_wconf 89' lang='lat' dir='ltr'><strong>Sabinum</strong></span> <span class='ocrx_word' id='word_1_56' title='bbox 886 1197 1024 1281; x_wconf 82' lang='lat' dir='ltr'><strong>linguam</strong></span> <span class='ocrx_word' id='word_1_57' title='bbox 1054 1197 1156 1274; x_wconf 91' lang='lat' dir='ltr'><strong>olent,</strong></span> <span class='ocrx_word' id='word_1_58' title='bbox 1188 1219 1269 1284; x_wconf 88' lang='lat' dir='ltr'><strong>quae</strong></span> <span class='ocrx_word' id='word_1_59' title='bbox 1298 1201 1367 1263; x_wconf 90' lang='lat' dir='ltr'><strong>Tati</strong></span> 
     </span>
     <span class='ocr_line' id='line_1_8' title="bbox 212 1308 1368 1397; baseline 0.002 -22"><span class='ocrx_word' id='word_1_60' title='bbox 212 1310 305 1397; x_wconf 83' lang='lat' dir='ltr'><strong>Regis</strong></span> <span class='ocrx_word' id='word_1_61' title='bbox 324 1322 391 1374; x_wconf 83' lang='lat' dir='ltr'><strong>voto</strong></span> <span class='ocrx_word' id='word_1_62' title='bbox 411 1323 482 1375; x_wconf 89' lang='lat' dir='ltr'><strong>sunt</strong></span> <span class='ocrx_word' id='word_1_63' title='bbox 501 1314 616 1376; x_wconf 86' lang='lat' dir='ltr'><strong>Romae</strong></span> <span class='ocrx_word' id='word_1_64' title='bbox 637 1308 815 1388; x_wconf 89' lang='lat' dir='ltr'><strong>dedicatae;</strong></span> <span class='ocrx_word' id='word_1_65' title='bbox 838 1333 909 1374; x_wconf 91' lang='lat' dir='ltr'><strong>nam</strong></span> <span class='ocrx_word' id='word_1_66' title='bbox 933 1323 968 1376; x_wconf 89' lang='lat' dir='ltr'><strong>ut</strong></span> <span class='ocrx_word' id='word_1_67' title='bbox 991 1311 1119 1375; x_wconf 84' lang='lat' dir='ltr'><strong>oonolcs</strong></span> <span class='ocrx_word' id='word_1_68' title='bbox 1138 1312 1266 1390; x_wconf 87' lang='lat' dir='ltr'><strong>dicunt,</strong></span> <span class='ocrx_word' id='word_1_69' title='bbox 1288 1314 1368 1377; x_wconf 82' lang='lat' dir='ltr'><strong>vovit</strong></span> 
     </span>
     <span class='ocr_line' id='line_1_9' title="bbox 212 1423 1368 1512; baseline 0.003 -24"><span class='ocrx_word' id='word_1_70' title='bbox 212 1423 293 1510; x_wconf 91' lang='lat' dir='ltr'><strong>Opi,</strong></span> <span class='ocrx_word' id='word_1_71' title='bbox 316 1425 440 1502; x_wconf 83' lang='lat' dir='ltr'><strong>Florae,</strong></span> <span class='ocrx_word' id='word_1_72' title='bbox 464 1424 592 1491; x_wconf 84' lang='lat' dir='ltr'><strong>Vediovi</strong></span> <span class='ocrx_word' id='word_1_73' title='bbox 616 1423 662 1512; x_wconf 84' lang='lat'><strong>(2)</strong></span> <span class='ocrx_word' id='word_1_74' title='bbox 687 1426 901 1511; x_wconf 85' lang='lat' dir='ltr'><strong>Saturnoqne3</strong></span> <span class='ocrx_word' id='word_1_75' title='bbox 926 1427 1010 1504; x_wconf 91' lang='lat' dir='ltr'><strong>Soli,</strong></span> <span class='ocrx_word' id='word_1_76' title='bbox 1034 1427 1155 1501; x_wconf 89' lang='lat' dir='ltr'><strong>Lunae;</strong></span> <span class='ocrx_word' id='word_1_77' title='bbox 1182 1428 1317 1494; x_wconf 85' lang='lat' dir='ltr'><strong>Volcano</strong></span> <span class='ocrx_word' id='word_1_78' title='bbox 1337 1440 1368 1491; x_wconf 89' lang='lat' dir='ltr'><strong>et</strong></span> 
     </span>
     <span class='ocr_line' id='line_1_10' title="bbox 212 1539 1366 1626; baseline 0.003 -24"><span class='ocrx_word' id='word_1_79' title='bbox 212 1539 401 1617; x_wconf 72' lang='lat' dir='ltr'><strong>Summano,</strong></span> <span class='ocrx_word' id='word_1_80' title='bbox 432 1539 568 1626; x_wconf 89' lang='lat' dir='ltr'><strong>itemque</strong></span> <span class='ocrx_word' id='word_1_81' title='bbox 594 1539 774 1617; x_wconf 80' lang='lat' dir='ltr'><strong>Larundae,</strong></span> <span class='ocrx_word' id='word_1_82' title='bbox 809 1540 973 1617; x_wconf 84' lang='lat' dir='ltr'><strong>Termino,</strong></span> <span class='ocrx_word' id='word_1_83' title='bbox 1003 1541 1152 1623; x_wconf 85' lang='lat' dir='ltr'><strong>Quirino,</strong></span> <span class='ocrx_word' id='word_1_84' title='bbox 1175 1541 1366 1619; x_wconf 83' lang='lat' dir='ltr'><strong>Vortumno,</strong></span> 
     </span>
     <span class='ocr_line' id='line_1_11' title="bbox 210 1652 1364 1740; baseline 0.002 -23"><span class='ocrx_word' id='word_1_85' title='bbox 210 1652 358 1730; x_wconf 87' lang='lat' dir='ltr'><strong>Laribus,</strong></span> <span class='ocrx_word' id='word_1_86' title='bbox 388 1652 504 1724; x_wconf 88' lang='lat' dir='ltr'><strong>Dianae</strong></span> <span class='ocrx_word' id='word_1_87' title='bbox 526 1653 764 1740; x_wconf 71' lang='lat' dir='ltr'><strong>Lucinaeque».</strong></span> <span class='ocrx_word' id='word_1_88' title='bbox 793 1654 839 1720; x_wconf 93' lang='lat' dir='ltr'><strong>Cf.</strong></span> <span class='ocrx_word' id='word_1_89' title='bbox 861 1653 996 1719; x_wconf 85' lang='lat' dir='ltr'><strong>Clericus</strong></span> <span class='ocrx_word' id='word_1_90' title='bbox 1015 1676 1047 1739; x_wconf 88' lang='lat' dir='ltr'><strong>p.</strong></span> <span class='ocrx_word' id='word_1_91' title='bbox 1070 1656 1128 1732; x_wconf 79' lang='lat'><strong>35,</strong></span> <span class='ocrx_word' id='word_1_92' title='bbox 1159 1656 1234 1720; x_wconf 85' lang='lat'><strong>344.</strong></span> <span class='ocrx_word' id='word_1_93' title='bbox 1265 1657 1364 1720; x_wconf 83' lang='lat' dir='ltr'><strong>Etiam</strong></span> 
     </span>
     <span class='ocr_line' id='line_1_12' title="bbox 213 1767 1368 1856; baseline 0.003 -25"><span class='ocrx_word' id='word_1_94' title='bbox 213 1768 387 1832; x_wconf 87' lang='lat' dir='ltr'><strong>Beckerum</strong></span> <span class='ocrx_word' id='word_1_95' title='bbox 418 1769 554 1855; x_wconf 88' lang='lat' dir='ltr'><strong>aliosque</strong></span> <span class='ocrx_word' id='word_1_96' title='bbox 588 1770 761 1856; x_wconf 90' lang='lat' dir='ltr'><strong>complures</strong></span> <span class='ocrx_word' id='word_1_97' title='bbox 792 1770 839 1832; x_wconf 81' lang='lat' dir='ltr'><strong>vix</strong></span> <span class='ocrx_word' id='word_1_98' title='bbox 872 1767 1025 1832; x_wconf 72' lang='lat' dir='ltr'><strong>dubitasse</strong></span> <span class='ocrx_word' id='word_1_99' title='bbox 1056 1770 1136 1847; x_wconf 90' lang='lat' dir='ltr'><strong>scio,</strong></span> <span class='ocrx_word' id='word_1_100' title='bbox 1167 1770 1243 1855; x_wconf 89' lang='lat' dir='ltr'><strong>quin</strong></span> <span class='ocrx_word' id='word_1_101' title='bbox 1270 1781 1368 1834; x_wconf 88' lang='lat' dir='ltr'><strong>esseut</strong></span> 
     </span>
     <span class='ocr_line' id='line_1_13' title="bbox 213 1880 1368 1971; baseline 0.002 -26"><span class='ocrx_word' id='word_1_102' title='bbox 213 1881 290 1946; x_wconf 85' lang='lat' dir='ltr'><strong>baec</strong></span> <span class='ocrx_word' id='word_1_103' title='bbox 313 1882 458 1950; x_wconf 86' lang='lat' dir='ltr'><strong>Varronis</strong></span> <span class='ocrx_word' id='word_1_104' title='bbox 481 1905 517 1945; x_wconf 82' lang='lat' dir='ltr'><strong>ex</strong></span> <span class='ocrx_word' id='word_1_105' title='bbox 548 1882 709 1947; x_wconf 85' lang='lat' dir='ltr'><strong>annalibus</strong></span> <span class='ocrx_word' id='word_1_106' title='bbox 742 1880 891 1945; x_wconf 78' lang='lat' dir='ltr'><strong>maximis</strong></span> <span class='ocrx_word' id='word_1_107' title='bbox 918 1880 1118 1968; x_wconf 82' lang='lat' dir='ltr'><strong>deprompta3</strong></span> <span class='ocrx_word' id='word_1_108' title='bbox 1149 1884 1253 1971; x_wconf 88' lang='lat' dir='ltr'><strong>itaque</strong></span> <span class='ocrx_word' id='word_1_109' title='bbox 1283 1906 1368 1971; x_wconf 86' lang='lat' dir='ltr'><strong>posse</strong></span> 
     </span>
     <span class='ocr_line' id='line_1_14' title="bbox 214 1995 1366 2085; baseline 0.003 -27"><span class='ocrx_word' id='word_1_110' title='bbox 214 1995 312 2060; x_wconf 84' lang='lat' dir='ltr'><strong>videri</strong></span> <span class='ocrx_word' id='word_1_111' title='bbox 333 1996 479 2059; x_wconf 89' lang='lat' dir='ltr'><strong>facillime</strong></span> <span class='ocrx_word' id='word_1_112' title='bbox 499 1996 632 2081; x_wconf 81' lang='lat' dir='ltr'><strong>largior3</strong></span> <span class='ocrx_word' id='word_1_113' title='bbox 655 1995 708 2059; x_wconf 86' lang='lat' dir='ltr'><strong>scd</strong></span> <span class='ocrx_word' id='word_1_114' title='bbox 729 1995 768 2060; x_wconf 88' lang='lat' dir='ltr'><strong>ad</strong></span> <span class='ocrx_word' id='word_1_115' title='bbox 788 1997 936 2060; x_wconf 87' lang='lat' dir='ltr'><strong>acriorem</strong></span> <span class='ocrx_word' id='word_1_116' title='bbox 956 2018 1094 2060; x_wconf 87' lang='lat' dir='ltr'><strong>normam</strong></span> <span class='ocrx_word' id='word_1_117' title='bbox 1117 2018 1211 2083; x_wconf 85' lang='lat' dir='ltr'><strong>quam</strong></span> <span class='ocrx_word' id='word_1_118' title='bbox 1240 1997 1277 2061; x_wconf 90' lang='lat' dir='ltr'><strong>ad</strong></span> <span class='ocrx_word' id='word_1_119' title='bbox 1298 2020 1366 2085; x_wconf 90' lang='lat' dir='ltr'><strong>spe-</strong></span> 
     </span>
     <span class='ocr_line' id='line_1_15' title="bbox 214 2108 1367 2196; baseline 0.003 -22"><span class='ocrx_word' id='word_1_120' title='bbox 214 2112 295 2174; x_wconf 90' lang='lat' dir='ltr'><strong>ciem</strong></span> <span class='ocrx_word' id='word_1_121' title='bbox 331 2108 408 2173; x_wconf 89' lang='lat' dir='ltr'><strong>baec</strong></span> <span class='ocrx_word' id='word_1_122' title='bbox 441 2108 599 2195; x_wconf 88' lang='lat' dir='ltr'><strong>dirigenda</strong></span> <span class='ocrx_word' id='word_1_123' title='bbox 631 2122 710 2176; x_wconf 88' lang='lat' dir='ltr'><strong>sunt.</strong></span> <span class='ocrx_word' id='word_1_124' title='bbox 750 2111 830 2173; x_wconf 91' lang='lat' dir='ltr'><strong>Tum</strong></span> <span class='ocrx_word' id='word_1_125' title='bbox 862 2132 967 2196; x_wconf 90' lang='lat' dir='ltr'><strong>rogare</strong></span> <span class='ocrx_word' id='word_1_126' title='bbox 999 2110 1075 2174; x_wconf 89' lang='lat' dir='ltr'><strong>mibi</strong></span> <span class='ocrx_word' id='word_1_127' title='bbox 1106 2112 1217 2189; x_wconf 85' lang='lat' dir='ltr'><strong>liceat,</strong></span> <span class='ocrx_word' id='word_1_128' title='bbox 1252 2112 1367 2177; x_wconf 87' lang='lat' dir='ltr'><strong>adeone</strong></span> 
     </span>
     <span class='ocr_line' id='line_1_16' title="bbox 213 2224 1369 2304; baseline 0.001 -15"><span class='ocrx_word' id='word_1_129' title='bbox 213 2226 312 2289; x_wconf 89' lang='lat' dir='ltr'><strong>alicua</strong></span> <span class='ocrx_word' id='word_1_130' title='bbox 339 2225 399 2289; x_wconf 91' lang='lat' dir='ltr'><strong>sint</strong></span> <span class='ocrx_word' id='word_1_131' title='bbox 430 2224 592 2288; x_wconf 81' lang='lat' dir='ltr'><strong>aratione</strong></span> <span class='ocrx_word' id='word_1_132' title='bbox 620 2225 777 2288; x_wconf 88' lang='lat' dir='ltr'><strong>annalium</strong></span> <span class='ocrx_word' id='word_1_133' title='bbox 810 2246 837 2288; x_wconf 85' lang='lat' dir='ltr'><strong>v.</strong></span> <span class='ocrx_word' id='word_1_134' title='bbox 861 2245 889 2289; x_wconf 92' lang='lat' dir='ltr'><strong>c.</strong></span> <span class='ocrx_word' id='word_1_135' title='bbox 913 2224 1039 2288; x_wconf 89' lang='lat' dir='ltr'><strong>Pictoris</strong></span> <span class='ocrx_word' id='word_1_136' title='bbox 1065 2226 1167 2304; x_wconf 88' lang='lat' dir='ltr'><strong>Fabii,</strong></span> <span class='ocrx_word' id='word_1_137' title='bbox 1199 2239 1235 2292; x_wconf 92' lang='lat' dir='ltr'><strong>ut</strong></span> <span class='ocrx_word' id='word_1_138' title='bbox 1253 2250 1290 2291; x_wconf 84' lang='lat' dir='ltr'><strong>cs</strong></span> <span class='ocrx_word' id='word_1_139' title='bbox 1321 2226 1369 2290; x_wconf 95' lang='lat' dir='ltr'><strong>bis</strong></span> 
     </span>
     <span class='ocr_line' id='line_1_17' title="bbox 215 2339 1368 2425; baseline 0.003 -21"><span class='ocrx_word' id='word_1_140' title='bbox 215 2339 308 2406; x_wconf 91' lang='lat' dir='ltr'><strong>ducta</strong></span> <span class='ocrx_word' id='word_1_141' title='bbox 326 2362 390 2405; x_wconf 90' lang='lat' dir='ltr'><strong>esse</strong></span> <span class='ocrx_word' id='word_1_142' title='bbox 412 2339 537 2404; x_wconf 86' lang='lat' dir='ltr'><strong>historia</strong></span> <span class='ocrx_word' id='word_1_143' title='bbox 556 2361 617 2405; x_wconf 93' lang='lat' dir='ltr'><strong>non</strong></span> <span class='ocrx_word' id='word_1_144' title='bbox 640 2339 757 2425; x_wconf 80' lang='lat' dir='ltr'><strong>possit?</strong></span> <span class='ocrx_word' id='word_1_145' title='bbox 781 2340 824 2402; x_wconf 83' lang='lat' dir='ltr'><strong>Ex</strong></span> <span class='ocrx_word' id='word_1_146' title='bbox 846 2339 1042 2425; x_wconf 78' lang='lat' dir='ltr'><strong>fragmentis,</strong></span> <span class='ocrx_word' id='word_1_147' title='bbox 1078 2364 1095 2405; x_wconf 90' lang='lat' dir='ltr'><strong>a</strong></span> <span class='ocrx_word' id='word_1_148' title='bbox 1118 2343 1249 2406; x_wconf 90' lang='lat' dir='ltr'><strong>Krausio</strong></span> <span class='ocrx_word' id='word_1_149' title='bbox 1274 2342 1368 2407; x_wconf 93' lang='lat' dir='ltr'><strong>colle-</strong></span> 
     </span>
     <span class='ocr_line' id='line_1_18' title="bbox 212 2454 1365 2544; baseline 0.001 -24"><span class='ocrx_word' id='word_1_150' title='bbox 212 2458 269 2520; x_wconf 88' lang='lat' dir='ltr'><strong>ctis</strong></span> <span class='ocrx_word' id='word_1_151' title='bbox 304 2468 398 2544; x_wconf 85' lang='lat' dir='ltr'><strong>ntque</strong></span> <span class='ocrx_word' id='word_1_152' title='bbox 432 2456 473 2520; x_wconf 92' lang='lat' dir='ltr'><strong>ab</strong></span> <span class='ocrx_word' id='word_1_153' title='bbox 496 2456 646 2519; x_wconf 88' lang='lat' dir='ltr'><strong>Harlessio</strong></span> <span class='ocrx_word' id='word_1_154' title='bbox 674 2456 707 2518; x_wconf 88' lang='lat' dir='ltr'><strong>in·</strong></span> <span class='ocrx_word' id='word_1_155' title='bbox 736 2454 906 2520; x_wconf 82' lang='lat' dir='ltr'><strong>Commeat.</strong></span> <span class='ocrx_word' id='word_1_156' title='bbox 935 2454 973 2518; x_wconf 92' lang='lat' dir='ltr'><strong>de</strong></span> <span class='ocrx_word' id='word_1_157' title='bbox 1002 2457 1102 2520; x_wconf 88' lang='lat' dir='ltr'><strong>Fabiis</strong></span> <span class='ocrx_word' id='word_1_158' title='bbox 1129 2468 1160 2521; x_wconf 88' lang='lat' dir='ltr'><strong>et</strong></span> <span class='ocrx_word' id='word_1_159' title='bbox 1183 2455 1312 2521; x_wconf 81' lang='lat' dir='ltr'><strong>Aufidiis</strong></span> <span class='ocrx_word' id='word_1_160' title='bbox 1334 2478 1365 2541; x_wconf 89' lang='lat' dir='ltr'><strong>p.</strong></span> 
     </span>
     <span class='ocr_line' id='line_1_19' title="bbox 218 2568 1368 2659; baseline -0.004 -23"><span class='ocrx_word' id='word_1_161' title='bbox 218 2570 347 2659; x_wconf 68' lang='lat' dir='ltr'><strong>lbsqq,</strong></span> <span class='ocrx_word' id='word_1_162' title='bbox 367 2568 513 2657; x_wconf 88' lang='lat' dir='ltr'><strong>equidem</strong></span> <span class='ocrx_word' id='word_1_163' title='bbox 534 2571 623 2633; x_wconf 87' lang='lat' dir='ltr'><strong>aliter</strong></span> <span class='ocrx_word' id='word_1_164' title='bbox 644 2569 757 2633; x_wconf 92' lang='lat' dir='ltr'><strong>iudico.</strong></span> <span class='ocrx_word' id='word_1_165' title='bbox 771 2571 835 2634; x_wconf 87' lang='lat' dir='ltr'><strong>Nec</strong></span> <span class='ocrx_word' id='word_1_166' title='bbox 856 2570 996 2658; x_wconf 84' lang='lat' dir='ltr'><strong>quamvis</strong></span> <span class='ocrx_word' id='word_1_167' title='bbox 1017 2570 1083 2633; x_wconf 86' lang='lat' dir='ltr'><strong>leve</strong></span> <span class='ocrx_word' id='word_1_168' title='bbox 1104 2568 1256 2648; x_wconf 86' lang='lat' dir='ltr'><strong>rideatur,</strong></span> <span class='ocrx_word' id='word_1_169' title='bbox 1270 2570 1368 2654; x_wconf 88' lang='lat' dir='ltr'><strong>negli-</strong></span> 
     </span>
     <span class='ocr_line' id='line_1_20' title="bbox 212 2685 1369 2773; baseline 0.001 -23"><span class='ocrx_word' id='word_1_170' title='bbox 212 2686 349 2773; x_wconf 89' lang='lat' dir='ltr'><strong>gendum</strong></span> <span class='ocrx_word' id='word_1_171' title='bbox 373 2687 581 2751; x_wconf 89' lang='lat' dir='ltr'><strong>testimonium</strong></span> <span class='ocrx_word' id='word_1_172' title='bbox 603 2696 668 2763; x_wconf 89' lang='lat' dir='ltr'><strong>est,</strong></span> <span class='ocrx_word' id='word_1_173' title='bbox 697 2685 779 2771; x_wconf 88' lang='lat' dir='ltr'><strong>quod</strong></span> <span class='ocrx_word' id='word_1_174' title='bbox 802 2685 878 2750; x_wconf 89' lang='lat' dir='ltr'><strong>dicit</strong></span> <span class='ocrx_word' id='word_1_175' title='bbox 906 2687 1135 2769; x_wconf 88' lang='lat' dir='ltr'><strong>Quinctilianus</strong></span> <span class='ocrx_word' id='word_1_176' title='bbox 1164 2688 1188 2752; x_wconf 94' lang='lat' dir='ltr'><strong>I.</strong></span> <span class='ocrx_word' id='word_1_177' title='bbox 1218 2686 1257 2754; x_wconf 91' lang='lat'><strong>0.</strong></span> <span class='ocrx_word' id='word_1_178' title='bbox 1278 2688 1303 2752; x_wconf 92' lang='grc' dir='ltr'><strong>Ι.</strong></span> <span class='ocrx_word' id='word_1_179' title='bbox 1337 2690 1369 2752; x_wconf 87' lang='grc'><strong>6.</strong></span> 
     </span>
     <span class='ocr_line' id='line_1_21' title="bbox 215 2799 1369 2888; baseline -0.001 -24"><span class='ocrx_word' id='word_1_180' title='bbox 215 2803 274 2864; x_wconf 69' lang='lat'><strong>12:</strong></span> <span class='ocrx_word' id='word_1_181' title='bbox 308 2824 326 2864; x_wconf 90' lang='lat'>«</span> <span class='ocrx_word' id='word_1_182' title='bbox 341 2799 434 2865; x_wconf 85' lang='lat' dir='ltr'><strong>Varro</strong></span> <span class='ocrx_word' id='word_1_183' title='bbox 466 2802 498 2865; x_wconf 93' lang='lat' dir='ltr'><strong>in</strong></span> <span class='ocrx_word' id='word_1_184' title='bbox 521 2822 558 2865; x_wconf 90' lang='lat' dir='ltr'><strong>co</strong></span> <span class='ocrx_word' id='word_1_185' title='bbox 582 2801 679 2879; x_wconf 94' lang='lat' dir='ltr'><strong>libro,</strong></span> <span class='ocrx_word' id='word_1_186' title='bbox 702 2823 764 2888; x_wconf 89' lang='lat' dir='ltr'><strong>quo</strong></span> <span class='ocrx_word' id='word_1_187' title='bbox 785 2802 872 2865; x_wconf 90' lang='lat' dir='ltr'><strong>initia</strong></span> <span class='ocrx_word' id='word_1_188' title='bbox 895 2801 980 2865; x_wconf 87' lang='lat' dir='ltr'><strong>urbis</strong></span> <span class='ocrx_word' id='word_1_189' title='bbox 1008 2803 1125 2865; x_wconf 87' lang='lat' dir='ltr'><strong>Romae</strong></span> <span class='ocrx_word' id='word_1_190' title='bbox 1153 2812 1289 2876; x_wconf 90' lang='lat' dir='ltr'><strong>enarrat,</strong></span> <span class='ocrx_word' id='word_1_191' title='bbox 1320 2801 1369 2863; x_wconf 92' lang='lat' dir='ltr'><strong>lu-</strong></span> 
     </span>
     <span class='ocr_line' id='line_1_22' title="bbox 217 2913 1366 3003; baseline -0.004 -22"><span class='ocrx_word' id='word_1_192' title='bbox 217 2939 292 3001; x_wconf 89' lang='lat' dir='ltr'><strong>pum</strong></span> <span class='ocrx_word' id='word_1_193' title='bbox 313 2917 460 2982; x_wconf 84' lang='lat' dir='ltr'><strong>feminam</strong></span> <span class='ocrx_word' id='word_1_194' title='bbox 484 2915 581 2993; x_wconf 90' lang='lat' dir='ltr'><strong>dicit,</strong></span> <span class='ocrx_word' id='word_1_195' title='bbox 605 2913 747 2980; x_wconf 70' lang='lat' dir='ltr'><strong>uoniam.</strong></span> <span class='ocrx_word' id='word_1_196' title='bbox 767 2916 833 3003; x_wconf 78' lang='lat' dir='ltr'><strong>(lib.</strong></span> <span class='ocrx_word' id='word_1_197' title='bbox 855 2917 870 2980; x_wconf 94' lang='lat' dir='ltr'><strong>l</strong></span> <span class='ocrx_word' id='word_1_198' title='bbox 892 2918 1001 3002; x_wconf 84' lang='lat' dir='ltr'><strong>fragm.</strong></span> <span class='ocrx_word' id='word_1_199' title='bbox 1025 2916 1123 2979; x_wconf 84' lang='lat' dir='ltr'>XLIX</span> <span class='ocrx_word' id='word_1_200' title='bbox 1148 2915 1198 2980; x_wconf 88' lang='lat' dir='ltr'><strong>cd.</strong></span> <span class='ocrx_word' id='word_1_201' title='bbox 1222 2913 1366 2998; x_wconf 86' lang='lat' dir='ltr'><strong>Vahlen.)</strong></span> 
     </span>
     <span class='ocr_line' id='line_1_23' title="bbox 218 3027 1369 3114; baseline -0.001 -22"><span class='ocrx_word' id='word_1_202' title='bbox 218 3027 430 3113; x_wconf 78' lang='lat' dir='ltr'><strong>Pictoremque</strong></span> <span class='ocrx_word' id='word_1_203' title='bbox 453 3027 586 3093; x_wconf 85' lang='lat' dir='ltr'><strong>Fabium</strong></span> <span class='ocrx_word' id='word_1_204' title='bbox 607 3039 778 3102; x_wconf 76' lang='lat' dir='ltr'><strong>secuturo:</strong></span> <span class='ocrx_word' id='word_1_205' title='bbox 802 3041 836 3094; x_wconf 89' lang='lat' dir='ltr'><strong>ut</strong></span> <span class='ocrx_word' id='word_1_206' title='bbox 857 3031 950 3095; x_wconf 91' lang='lat' dir='ltr'><strong>etiam</strong></span> <span class='ocrx_word' id='word_1_207' title='bbox 972 3031 1108 3094; x_wconf 91' lang='lat' dir='ltr'><strong>inlibris</strong></span> <span class='ocrx_word' id='word_1_208' title='bbox 1127 3029 1165 3093; x_wconf 88' lang='lat' dir='ltr'><strong>de</strong></span> <span class='ocrx_word' id='word_1_209' title='bbox 1184 3031 1289 3114; x_wconf 87' lang='lat' dir='ltr'><strong>lingua</strong></span> <span class='ocrx_word' id='word_1_210' title='bbox 1314 3029 1369 3091; x_wconf 91' lang='lat' dir='ltr'><strong>La·</strong></span> 
     </span>
     <span class='ocr_line' id='line_1_24' title="bbox 216 3142 1370 3233; baseline -0.003 -26"><span class='ocrx_word' id='word_1_211' title='bbox 216 3145 279 3209; x_wconf 85' lang='lat' dir='ltr'><strong>tina</strong></span> <span class='ocrx_word' id='word_1_212' title='bbox 310 3147 379 3232; x_wconf 91' lang='lat' dir='ltr'><strong>plus</strong></span> <span class='ocrx_word' id='word_1_213' title='bbox 409 3145 610 3233; x_wconf 88' lang='lat' dir='ltr'><strong>quadraginta</strong></span> <span class='ocrx_word' id='word_1_214' title='bbox 639 3147 714 3210; x_wconf 88' lang='lat' dir='ltr'><strong>locis</strong></span> <span class='ocrx_word' id='word_1_215' title='bbox 749 3147 866 3210; x_wconf 84' lang='lat' dir='ltr'><strong>Ennius</strong></span> <span class='ocrx_word' id='word_1_216' title='bbox 901 3145 1081 3209; x_wconf 92' lang='lat' dir='ltr'><strong>nominatim</strong></span> <span class='ocrx_word' id='word_1_217' title='bbox 1103 3143 1255 3208; x_wconf 90' lang='lat' dir='ltr'><strong>laudatur.</strong></span> <span class='ocrx_word' id='word_1_218' title='bbox 1277 3142 1370 3205; x_wconf 88' lang='lat' dir='ltr'><strong>Porro</strong></span> 
     </span>
     <span class='ocr_line' id='line_1_25' title="bbox 219 3257 1370 3347; baseline -0.005 -24"><span class='ocrx_word' id='word_1_219' title='bbox 219 3258 294 3345; x_wconf 93' lang='lat' dir='ltr'><strong>quid</strong></span> <span class='ocrx_word' id='word_1_220' title='bbox 325 3270 406 3324; x_wconf 79' lang='lat' dir='ltr'><strong>vetat</strong></span> <span class='ocrx_word' id='word_1_221' title='bbox 427 3261 599 3347; x_wconf 89' lang='lat' dir='ltr'><strong>intelligere</strong></span> <span class='ocrx_word' id='word_1_222' title='bbox 620 3260 718 3326; x_wconf 83' lang='lat' dir='ltr'><strong>Cincii</strong></span> <span class='ocrx_word' id='word_1_223' title='bbox 739 3260 887 3326; x_wconf 78' lang='lat' dir='ltr'><strong>Alimenti</strong></span> <span class='ocrx_word' id='word_1_224' title='bbox 910 3257 1059 3324; x_wconf 79' lang='lat' dir='ltr'><strong>annales?</strong></span> <span class='ocrx_word' id='word_1_225' title='bbox 1079 3258 1122 3322; x_wconf 82' lang='lat' dir='ltr'><strong>ne</strong></span> <span class='ocrx_word' id='word_1_226' title='bbox 1142 3278 1205 3342; x_wconf 89' lang='lat' dir='ltr'><strong>quo</strong></span> <span class='ocrx_word' id='word_1_227' title='bbox 1226 3257 1370 3341; x_wconf 82' lang='lat' dir='ltr'><strong>scriptore</strong></span> 
     </span>
     <span class='ocr_line' id='line_1_26' title="bbox 218 3369 1370 3461; baseline -0.008 -20"><span class='ocrx_word' id='word_1_228' title='bbox 218 3375 320 3441; x_wconf 84' lang='lat' dir='ltr'><strong>Livius</strong></span> <span class='ocrx_word' id='word_1_229' title='bbox 341 3375 412 3444; x_wconf 86' lang='lat' dir='ltr'><strong>Vll.</strong></span> <span class='ocrx_word' id='word_1_230' title='bbox 436 3378 466 3441; x_wconf 84' lang='lat'><strong>5.</strong></span> <span class='ocrx_word' id='word_1_231' title='bbox 488 3377 528 3438; x_wconf 85' lang='lat'><strong>7:</strong></span> <span class='ocrx_word' id='word_1_232' title='bbox 556 3375 724 3442; x_wconf 84' lang='lat' dir='ltr'><strong>«Volsiniis</strong></span> <span class='ocrx_word' id='word_1_233' title='bbox 745 3396 870 3461; x_wconf 87' lang='lat' dir='ltr'><strong>quoque</strong></span> <span class='ocrx_word' id='word_1_234' title='bbox 890 3376 1009 3451; x_wconf 82' lang='lat' dir='ltr'><strong>clavos,</strong></span> <span class='ocrx_word' id='word_1_235' title='bbox 1037 3370 1153 3435; x_wconf 91' lang='lat' dir='ltr'><strong>indices</strong></span> <span class='ocrx_word' id='word_1_236' title='bbox 1174 3369 1295 3434; x_wconf 88' lang='lat' dir='ltr'><strong>numeri</strong></span> <span class='ocrx_word' id='word_1_237' title='bbox 1315 3390 1370 3432; x_wconf 90' lang='lat' dir='ltr'><strong>an-</strong></span> 
     </span>
     <span class='ocr_line' id='line_1_27' title="bbox 218 3488 1370 3575; baseline -0.004 -21"><span class='ocrx_word' id='word_1_238' title='bbox 218 3512 348 3569; x_wconf 93' lang='lat' dir='ltr'><strong>norum,</strong></span> <span class='ocrx_word' id='word_1_239' title='bbox 378 3491 452 3555; x_wconf 85' lang='lat' dir='ltr'><strong>fixos</strong></span> <span class='ocrx_word' id='word_1_240' title='bbox 480 3493 512 3554; x_wconf 95' lang='lat' dir='ltr'><strong>in</strong></span> <span class='ocrx_word' id='word_1_241' title='bbox 544 3491 659 3575; x_wconf 85' lang='lat' dir='ltr'><strong>templo</strong></span> <span class='ocrx_word' id='word_1_242' title='bbox 691 3491 833 3568; x_wconf 88' lang='lat' dir='ltr'><strong>Nortiae,</strong></span> <span class='ocrx_word' id='word_1_243' title='bbox 864 3491 1008 3554; x_wconf 73' lang='lat' dir='ltr'><strong>Etruscae</strong></span> <span class='ocrx_word' id='word_1_244' title='bbox 1041 3488 1144 3564; x_wconf 85' lang='lat' dir='ltr'><strong>Deae,</strong></span> <span class='ocrx_word' id='word_1_245' title='bbox 1171 3508 1370 3571; x_wconf 89' lang='lat' dir='ltr'><strong>comparere,</strong></span> 
     </span>
     <span class='ocr_line' id='line_1_28' title="bbox 215 3601 1367 3690; baseline -0.005 -22"><span class='ocrx_word' id='word_1_246' title='bbox 215 3603 346 3690; x_wconf 87' lang='lat' dir='ltr'><strong>diligens</strong></span> <span class='ocrx_word' id='word_1_247' title='bbox 364 3605 472 3669; x_wconf 88' lang='lat' dir='ltr'><strong>talium</strong></span> <span class='ocrx_word' id='word_1_248' title='bbox 490 3615 758 3669; x_wconf 88' lang='lat' dir='ltr'><strong>monumentorum</strong></span> <span class='ocrx_word' id='word_1_249' title='bbox 770 3613 877 3667; x_wconf 91' lang='lat' dir='ltr'><strong>auctor</strong></span> <span class='ocrx_word' id='word_1_250' title='bbox 892 3601 1016 3668; x_wconf 81' lang='lat' dir='ltr'><strong>Cincius</strong></span> <span class='ocrx_word' id='word_1_251' title='bbox 1029 3601 1197 3665; x_wconf 90' lang='lat' dir='ltr'><strong>affirmat».</strong></span> <span class='ocrx_word' id='word_1_252' title='bbox 1211 3601 1367 3687; x_wconf 87' lang='lat' dir='ltr'><strong>Denique,</strong></span> 
     </span>
     <span class='ocr_line' id='line_1_29' title="bbox 217 3712 1368 3804; baseline -0.005 -22"><span class='ocrx_word' id='word_1_253' title='bbox 217 3717 299 3783; x_wconf 90' lang='lat' dir='ltr'><strong>haud</strong></span> <span class='ocrx_word' id='word_1_254' title='bbox 320 3719 364 3783; x_wconf 92' lang='lat' dir='ltr'><strong>ita</strong></span> <span class='ocrx_word' id='word_1_255' title='bbox 384 3719 524 3804; x_wconf 87' lang='lat' dir='ltr'><strong>ineptum</strong></span> <span class='ocrx_word' id='word_1_256' title='bbox 543 3721 580 3783; x_wconf 89' lang='lat' dir='ltr'><strong>sit</strong></span> <span class='ocrx_word' id='word_1_257' title='bbox 597 3718 755 3804; x_wconf 86' lang='lat' dir='ltr'><strong>Calpurnii</strong></span> <span class='ocrx_word' id='word_1_258' title='bbox 775 3739 900 3804; x_wconf 82' lang='lat' dir='ltr'><strong>quoque</strong></span> <span class='ocrx_word' id='word_1_259' title='bbox 919 3717 1034 3780; x_wconf 88' lang='lat' dir='ltr'><strong>Pisonis</strong></span> <span class='ocrx_word' id='word_1_260' title='bbox 1063 3715 1211 3778; x_wconf 89' lang='lat' dir='ltr'><strong>rationem</strong></span> <span class='ocrx_word' id='word_1_261' title='bbox 1237 3712 1368 3789; x_wconf 88' lang='lat' dir='ltr'><strong>habere,</strong></span> 
     </span>
    </p>
   </div>
   <div class='ocr_carea' id='block_1_3' title="bbox 219 3815 1372 4149">
    <p class='ocr_par' dir='ltr' id='par_1_3' title="bbox 219 3815 1372 4149">
     <span class='ocr_line' id='line_1_30' title="bbox 219 3815 1369 3919; baseline -0.005 -24"><span class='ocrx_word' id='word_1_262' title='bbox 219 3835 252 3897; x_wconf 92' lang='lat' dir='ltr'><strong>in</strong></span> <span class='ocrx_word' id='word_1_263' title='bbox 274 3833 378 3919; x_wconf 90' lang='lat' dir='ltr'><strong>primis</strong></span> <span class='ocrx_word' id='word_1_264' title='bbox 399 3835 424 3896; x_wconf 91' lang='lat' dir='ltr'><strong>si</strong></span> <span class='ocrx_word' id='word_1_265' title='bbox 446 3833 599 3909; x_wconf 87' lang='lat' dir='ltr'><strong>attendas,</strong></span> <span class='ocrx_word' id='word_1_266' title='bbox 623 3854 702 3919; x_wconf 87' lang='lat' dir='ltr'><strong>quae</strong></span> <span class='ocrx_word' id='word_1_267' title='bbox 725 3815 761 3896; x_wconf 84' lang='lat' dir='ltr'><strong>er</strong></span> <span class='ocrx_word' id='word_1_268' title='bbox 778 3832 872 3896; x_wconf 91' lang='lat' dir='ltr'><strong>buius</strong></span> <span class='ocrx_word' id='word_1_269' title='bbox 890 3831 1051 3896; x_wconf 89' lang='lat' dir='ltr'><strong>annalibus</strong></span> <span class='ocrx_word' id='word_1_270' title='bbox 1081 3828 1119 3892; x_wconf 87' lang='lat' dir='ltr'><strong>de</strong></span> <span class='ocrx_word' id='word_1_271' title='bbox 1146 3830 1218 3891; x_wconf 90' lang='lat' dir='ltr'><strong>lacu</strong></span> <span class='ocrx_word' id='word_1_272' title='bbox 1247 3827 1369 3904; x_wconf 90' lang='lat' dir='ltr'><strong>Curtio,</strong></span> 
     </span>
     <span class='ocr_line' id='line_1_31' title="bbox 219 3939 1372 4033; baseline -0.007 -23"><span class='ocrx_word' id='word_1_273' title='bbox 219 3948 274 4033; x_wconf 86' lang='lat' dir='ltr'><strong>qui</strong></span> <span class='ocrx_word' id='word_1_274' title='bbox 306 3948 421 4012; x_wconf 88' lang='lat' dir='ltr'><strong>Sabino</strong></span> <span class='ocrx_word' id='word_1_275' title='bbox 453 3947 535 4012; x_wconf 89' lang='lat' dir='ltr'><strong>bello</strong></span> <span class='ocrx_word' id='word_1_276' title='bbox 567 3969 680 4011; x_wconf 88' lang='lat' dir='ltr'><strong>nomen</strong></span> <span class='ocrx_word' id='word_1_277' title='bbox 702 3947 876 4032; x_wconf 89' lang='lat' dir='ltr'><strong>acceperit,</strong></span> <span class='ocrx_word' id='word_1_278' title='bbox 911 3958 942 4010; x_wconf 88' lang='lat' dir='ltr'><strong>et</strong></span> <span class='ocrx_word' id='word_1_279' title='bbox 975 3944 1014 4008; x_wconf 90' lang='lat' dir='ltr'><strong>de</strong></span> <span class='ocrx_word' id='word_1_280' title='bbox 1052 3951 1137 4028; x_wconf 91' lang='lat' dir='ltr'><strong>porta</strong></span> <span class='ocrx_word' id='word_1_281' title='bbox 1166 3941 1306 4016; x_wconf 90' lang='lat' dir='ltr'><strong>Ianuali,</strong></span> <span class='ocrx_word' id='word_1_282' title='bbox 1332 3939 1372 4004; x_wconf 93' lang='lat' dir='ltr'><strong>ab</strong></span> 
     </span>
     <span class='ocr_line' id='line_1_32' title="bbox 219 4057 1372 4149; baseline -0.003 -23"><span class='ocrx_word' id='word_1_283' title='bbox 219 4062 295 4126; x_wconf 91' lang='lat' dir='ltr'><strong>Iano</strong></span> <span class='ocrx_word' id='word_1_284' title='bbox 323 4062 426 4142; x_wconf 91' lang='lat' dir='ltr'><strong>dicta,</strong></span> <span class='ocrx_word' id='word_1_285' title='bbox 460 4065 525 4149; x_wconf 89' lang='lat' dir='ltr'><strong>ipse</strong></span> <span class='ocrx_word' id='word_1_286' title='bbox 560 4063 656 4130; x_wconf 89' lang='lat' dir='ltr'><strong>Varro</strong></span> <span class='ocrx_word' id='word_1_287' title='bbox 682 4061 790 4126; x_wconf 88' lang='lat' dir='ltr'><strong>eodem</strong></span> <span class='ocrx_word' id='word_1_288' title='bbox 822 4061 900 4124; x_wconf 92' lang='lat' dir='ltr'><strong>libro</strong></span> <span class='ocrx_word' id='word_1_289' title='bbox 923 4061 952 4127; x_wconf 85' lang='lat' dir='ltr'><strong>V</strong></span> <span class='ocrx_word' id='word_1_290' title='bbox 977 4058 1112 4144; x_wconf 82' lang='lat' dir='ltr'><strong>profert,</strong></span> <span class='ocrx_word' id='word_1_291' title='bbox 1144 4080 1174 4142; x_wconf 89' lang='lat' dir='ltr'><strong>p.</strong></span> <span class='ocrx_word' id='word_1_292' title='bbox 1205 4059 1241 4120; x_wconf 84' lang='lat'><strong>41</strong></span> <span class='ocrx_word' id='word_1_293' title='bbox 1267 4067 1297 4118; x_wconf 88' lang='lat' dir='ltr'><strong>et</strong></span> <span class='ocrx_word' id='word_1_294' title='bbox 1321 4057 1372 4122; x_wconf 89' lang='grc'><strong>46.</strong></span> 
     </span>
    </p>
   </div>
   <div class='ocr_carea' id='block_1_4' title="bbox 219 4339 1371 4609">
    <p class='ocr_par' dir='ltr' id='par_1_4' title="bbox 219 4339 1371 4609">
     <span class='ocr_line' id='line_1_33' title="bbox 256 4339 906 4414; baseline -0.003 -18"><span class='ocrx_word' id='word_1_295' title='bbox 256 4344 296 4414; x_wconf 91' lang='grc'><strong>(1)</strong></span> <span class='ocrx_word' id='word_1_296' title='bbox 315 4340 356 4396; x_wconf 77' lang='lat' dir='ltr'><strong>Ex</strong></span> <span class='ocrx_word' id='word_1_297' title='bbox 373 4339 552 4398; x_wconf 83' lang='lat' dir='ltr'><strong>emendatione</strong></span> <span class='ocrx_word' id='word_1_298' title='bbox 568 4340 600 4397; x_wconf 90' lang='grc' dir='ltr'><strong>Ο.</strong></span> <span class='ocrx_word' id='word_1_299' title='bbox 618 4340 742 4397; x_wconf 85' lang='lat' dir='ltr'><strong>Muelleri</strong></span> <span class='ocrx_word' id='word_1_300' title='bbox 757 4359 806 4414; x_wconf 90' lang='lat' dir='ltr'><strong>pro</strong></span> <span class='ocrx_word' id='word_1_301' title='bbox 823 4359 853 4395; x_wconf 84' lang='lat' dir='ltr'><strong>eo</strong></span> <span class='ocrx_word' id='word_1_302' title='bbox 871 4359 906 4395; x_wconf 80' lang='lat' dir='ltr'><strong>re.</strong></span> 
     </span>
     <span class='ocr_line' id='line_1_34' title="bbox 254 4435 1371 4514; baseline -0.007 -16"><span class='ocrx_word' id='word_1_303' title='bbox 254 4443 294 4514; x_wconf 72' lang='lat'><strong>(2)</strong></span> <span class='ocrx_word' id='word_1_304' title='bbox 312 4439 355 4497; x_wconf 83' lang='lat' dir='ltr'><strong>Sic</strong></span> <span class='ocrx_word' id='word_1_305' title='bbox 372 4440 502 4496; x_wconf 84' lang='lat' dir='ltr'><strong>Beckerus</strong></span> <span class='ocrx_word' id='word_1_306' title='bbox 519 4438 631 4496; x_wconf 75' lang='lat' dir='ltr'><strong>correxit</strong></span> <span class='ocrx_word' id='word_1_307' title='bbox 651 4437 696 4496; x_wconf 90' lang='lat' dir='ltr'><strong>l.l.</strong></span> <span class='ocrx_word' id='word_1_308' title='bbox 713 4439 729 4495; x_wconf 96' lang='lat' dir='ltr'>I</span> <span class='ocrx_word' id='word_1_309' title='bbox 746 4458 771 4510; x_wconf 94' lang='lat' dir='ltr'><strong>p.</strong></span> <span class='ocrx_word' id='word_1_310' title='bbox 790 4442 803 4493; x_wconf 90' lang='lat'><strong>5</strong></span> <span class='ocrx_word' id='word_1_311' title='bbox 822 4457 881 4494; x_wconf 87' lang='lat' dir='ltr'><strong>ann.</strong></span> <span class='ocrx_word' id='word_1_312' title='bbox 900 4442 925 4494; x_wconf 84' lang='grc'><strong>4.</strong></span> <span class='ocrx_word' id='word_1_313' title='bbox 942 4437 1032 4509; x_wconf 86' lang='lat' dir='ltr'><strong>Vulgo</strong></span> <span class='ocrx_word' id='word_1_314' title='bbox 1049 4437 1275 4503; x_wconf 67' lang='lat' dir='ltr'><strong>Floraeoedliooi.</strong></span> <span class='ocrx_word' id='word_1_315' title='bbox 1285 4435 1371 4492; x_wconf 90' lang='lat' dir='ltr'><strong>Muel-</strong></span> 
     </span>
     <span class='ocr_line' id='line_1_35' title="bbox 219 4538 624 4609; baseline -0.005 -14"><span class='ocrx_word' id='word_1_316' title='bbox 219 4538 304 4599; x_wconf 73' lang='lat' dir='ltr'><strong>lerust</strong></span> <span class='ocrx_word' id='word_1_317' title='bbox 322 4541 426 4609; x_wconf 70' lang='lat' dir='ltr'><strong>Foras,</strong></span> <span class='ocrx_word' id='word_1_318' title='bbox 449 4540 541 4606; x_wconf 83' lang='lat' dir='ltr'><strong>Vedio,</strong></span> <span class='ocrx_word' id='word_1_319' title='bbox 561 4539 624 4595; x_wconf 83' lang='lat' dir='ltr'><strong>Iovi.</strong></span> 
     </span>
    </p>
   </div>
   <div class='ocr_carea' id='block_1_5' title="bbox 0 0 1593 5275">
    <p class='ocr_par' dir='ltr' id='par_1_5' title="bbox 0 0 1593 5275">
     <span class='ocr_line' id='line_1_36' title="bbox 0 0 1593 5275; baseline 0 0"><span class='ocrx_word' id='word_1_320' title='bbox 0 0 1593 5275; x_wconf 95' lang='lat' dir='ltr'><strong> </strong></span> 
     </span>
    </p>
   </div>
  </div>
 </body>
</html>
