3150 5275
708 436 747 498 ts

150 633 246 697 Causa
276 632 426 719 antiquati
457 633 519 697 albi
546 634 690 699 ineditis
717 635 794 699 nolis
821 632 941 697 diurnis
961 631 1136 721 quaerenda
1155 656 1215 699 nou
1238 648 1298 714 est,

151 748 265 834 quippe
291 769 422 834 quorum
454 772 525 812 usus
554 750 746 835 septuaginta
767 752 830 813 lere
850 750 935 813 annis
956 761 1020 833 post
1037 750 1208 815 invaluerit.
1229 751 1299 832 Qua

151 862 189 926 de
206 884 238 926 re
259 862 333 927 huic
363 866 532 951 quaestioni
558 863 626 927 satis
655 863 737 928 affini
768 862 930 947 paululum
950 863 1136 948 exspatiandi
1158 864 1245 929 venia
1265 876 1301 928 ut

151 976 227 1041 mibi
246 977 336 1042 detur
354 1000 437 1064 rogo.

193 1093 243 1156 Est
261 1092 354 1177 igitur
374 1093 513 1157 Suetonii
534 1093 594 1157 lul.
613 1092 695 1157 Caes.
719 1093 778 1155 XX
799 1089 857 1155 hoc
879 1091 969 1156 breve
995 1104 1088 1180 atque
1107 1092 1147 1156 ab
1164 1094 1299 1157 Ernestio

149 1205 170 1271 l.
192 1206 212 1271 l.
235 1204 474 1293 haudquaquam
491 1209 579 1272 »male
607 1206 764 1271 defensum
792 1208 1016 1285 testimonium:
1054 1208 1160 1271 «lnito
1185 1207 1298 1271 honore

153 1320 340 1410 (Consulatu)
358 1325 624 1409 primusomnium
644 1324 794 1401 instituit,
816 1336 849 1387 ut
871 1333 935 1389 tom
956 1330 1079 1386 senatus
1089 1342 1185 1406 quom
1193 1321 1301 1406 populi

150 1435 261 1502 diurno
284 1447 351 1503 octa
372 1441 596 1505 conficerentur
614 1451 644 1503 et
666 1440 899 1525 publicarentur
907 1462 937 1505 u.
957 1439 1061 1520 Quem
1078 1438 1182 1501 locum
1201 1458 1299 1523 quum
1396 1430 1400 1435 ’

149 1551 200 1615 alii
226 1554 315 1617 aliter
342 1556 484 1640 expedire
516 1554 688 1632 studerent,
709 1554 798 1645 multi
815 1553 884 1618 iden
904 1556 1036 1618 maxime
1050 1565 1226 1639 suspectum
1243 1553 1298 1618 ba-

149 1664 299 1745 buerunt,
328 1670 400 1755 quia
423 1692 502 1757 qnae
519 1692 574 1756 pro
592 1670 767 1756 fragmentis
790 1677 927 1733 actorum
949 1667 1136 1734 urbanorum
1154 1693 1172 1732 a
1190 1669 1298 1755 Pighio

149 1793 179 1845 et
201 1782 356 1848 Dodwello
375 1795 446 1849 sunt
465 1784 566 1863 edita,
590 1784 780 1848 continerent
799 1786 891 1847 etiam
910 1807 990 1871 quae
1009 1785 1089 1849 facta
1106 1796 1204 1848 essent
1219 1807 1248 1850 a.
1260 1785 1298 1850 U.

151 1895 223 1962 586.
255 1898 350 1985 Atqui
377 1899 400 1961 si
427 1896 465 1961 de
496 1897 556 1962 lide
585 1919 683 1961 sermo
713 1908 771 1975 est,
799 1897 875 1962 baec
895 1900 960 1986 ipsa
982 1900 1152 1985 fragmenta
1174 1910 1240 1962 tum
1258 1898 1298 1962 ab

153 2013 290 2097 origine,
307 2024 374 2077 tum
392 2034 410 2075 a
431 2013 556 2091 ratione,
575 2011 651 2076 adeo
669 2023 739 2076 sunt
750 2023 953 2097 suspectant
964 2014 1165 2101 reliquiarum
1175 2014 1298 2077 nomine

150 2150 186 2192 ex
205 2128 281 2191 notis
300 2127 420 2192 diurnis
441 2139 627 2192 serratarum
647 2126 739 2190 fidem
760 2128 877 2192 nullam
897 2129 1030 2205 saciant,
1052 2129 1190 2216 quamvis
1210 2125 1297 2190 docte

150 2264 186 2307 ao
204 2244 353 2308 subtiliter
374 2255 479 2307 contra
499 2243 652 2309 ClerIcum
670 2240 806 2327 aliosque
838 2240 876 2306 de
898 2244 935 2306 iis
955 2242 1152 2330 disputaverit
1174 2244 1297 2308 Lieber·

151 2356 327 2435 kuebnius,
359 2356 480 2427 Vindio.
514 2356 584 2422 libr.
614 2356 705 2421 iniur.
728 2376 809 2440 susp.
834 2378 863 2440 p.
888 2361 923 2420 11
943 2380 1009 2445 sqq.
1026 2357 1117 2442 Quod
1139 2381 1237 2445 quum
1256 2360 1299 2423 ita

152 2472 211 2549 sit,
241 2471 362 2535 nullum
387 2479 522 2555 superest
546 2479 781 2554 argumentum,
811 2482 881 2534 ante
909 2472 944 2538 P.
964 2474 1101 2538 Ilucium
1120 2473 1299 2538 Pontificem

154 2588 317 2652 Maximum
345 2587 481 2651 instituta
506 2606 569 2650 esse
588 2592 678 2655 celtu
698 2583 749 2648 sed
768 2604 829 2648 non
852 2586 948 2674 magis
974 2598 1089 2653 constat
1100 2638 1110 2669 ,
1134 2588 1244 2653 tabulis
1264 2610 1301 2654 ea

149 2701 516 2777 continuo'successisse,
535 2699 582 2763 vel
597 2709 679 2763 certe
699 2697 781 2762 edita
800 2699 891 2764 luisse
915 2713 985 2766 ante
1007 2704 1123 2768 lulium
1142 2703 1300 2771 Caesarem

151 2817 285 2901 primum
304 2816 487 2891 Consulem,
510 2835 538 2878 a.
555 2813 594 2880 U.
616 2816 700 2891 6943
724 2835 796 2877 nam
810 2835 890 2901 quae
909 2838 945 2879 ex
963 2817 1061 2879 Plinio
1080 2817 1100 2882 l.
1113 2817 1133 2884 l.
1158 2815 1298 2882 etCassio

150 2923 246 2994 Ilione
269 2929 393 2997 XLVII.
414 2932 433 2990 6
452 2927 586 2993 Clericus
608 2937 638 2990 et
660 2925 924 2992 lieberkuebnins
945 2927 1124 3016 (Comment.
1146 2930 1298 2996 dediurn.

151 3057 210 3111 act.
231 3068 261 3131 p.
285 3048 306 3110 9
326 3056 355 3108 et
379 3043 432 3130 15)
457 3043 643 3119 attulerunt,
675 3042 940 3108 accommodantes
969 3043 1007 3107 ad
1033 3066 1069 3108 ea
1098 3046 1203 3110 locum
1222 3047 1299 3110 Sue-

149 3161 244 3240 tonii,
263 3161 323 3224 alio
342 3160 515 3244 pertinent,
538 3168 573 3221 ut
589 3179 668 3245 quae
687 3169 789 3222 vetera
807 3168 874 3223 uota
894 3161 1050 3248 collegisse
1067 3163 1225 3228 blucianus
1238 3174 1299 3227 tra-

148 3275 232 3340 ditur
258 3274 316 3364 (l).
338 3275 374 3338 Et
393 3275 424 3336 in
447 3273 592 3338 Suetonio
612 3271 753 3359 quidem,
776 3284 812 3337 ut
831 3272 870 3338 de
882 3274 1301 3361 buiustestimonioprimum

150 3391 319 3469 absolvam,
353 3388 436 3476 quod
467 3386 714 3452 Lieberkuehnin
737 3398 782 3451 est
814 3409 832 3452 «
841 3389 883 3453 ita
901 3390 1074 3475 singulare,
1093 3390 1295 3476 ambiguum,

149 3507 333 3583 obscurum,
357 3516 392 3568 ut
414 3506 460 3568 rix
472 3503 548 3567 certi
559 3500 729 3588 quidquam
740 3525 776 3566 ex
791 3503 859 3568 loco
870 3505 1009 3590 exputari
1023 3526 1107 3590 posse
1119 3502 1258 3568 rideatur
1268 3526 1297 3580 u,

148 3621 312 3707 particulas
341 3629 536 3704 lom-quam,
565 3623 731 3702 praeeunte
761 3616 873 3681 Bebrio
905 3615 1005 3703 (Obss.
1036 3619 1069 3681 in
1087 3616 1149 3681 duo
1170 3619 1297 3684 Sueton.

148 3733 263 3820 locos),
285 3756 303 3798 a
322 3754 384 3820 quo
403 3753 465 3796 non
485 3731 620 3795 dissentit
641 3730 797 3808 Clericus,
816 3731 859 3794 sio
877 3731 1035 3817 intelligit,
1063 3754 1080 3795 <r
1089 3743 1124 3794 ut
1142 3731 1300 3797 Caesarem

149 3847 253 3911 eodem
282 3847 371 3913 modo
399 3857 519 3911 senatus
548 3845 658 3909 diurna
676 3857 743 3910 acta
763 3846 924 3909 instituisse
945 3845 1116 3932 significet,
1133 3866 1169 3910 oc
1190 3849 1298 3933 populi

147 3961 258 4027 diurna
289 3973 357 4026 acta
388 3963 420 4026 in
442 3983 500 4024 usu
522 3960 583 4024 iarn
608 3971 731 4026 crant».
755 3960 795 4023 ltt
816 3961 909 4024 talem
931 3961 1211 4046 interpretationem
1229 3965 1298 4051 quis

147 4078 303 4155 admittat,
326 4077 392 4163 quis
417 4074 603 4162 redarguat?
624 4067 762 4147 Ἀπλοῦς
794 4063 813 4138 ὁ
841 4075 946 4157 μῦθος
973 4075 1030 4163 τῆς
1051 4071 1204 4164 ἀληθείας
1223 4073 1299 4167 ἔφυ.

148 4363 224 4420 testis
248 4361 312 4418 mihi
337 4364 377 4416 est
402 4360 577 4416 Bernhardins
602 4357 725 4419 l.l.‚ann.
743 4360 812 4424 126,
830 4356 872 4411 cui
887 4359 914 4411 el
931 4356 982 4431 ipsi
997 4377 1038 4415 res
1056 4378 1147 4432 parum
1164 4356 1294 4416 credibilis

148 4461 259 4518 videtur.

182 4561 220 4631 (l)
237 4559 272 4614 In
288 4557 373 4614 'Iaoili
389 4556 450 4613 dial.
468 4556 499 4620 de
516 4561 583 4614 orat.
601 4548 752 4624 XXXVII,
770 4573 847 4625 quern
863 4553 949 4610 locum
966 4553 1089 4627 adscripsi
1106 4555 1170 4628 Cap.
1193 4556 1296 4629 Ip.10.
