3150 5275
753 404 771 463 li

126 639 129 643 ·
183 602 382 668 Plutarchum
392 590 701 689 ὑπομνηματισμούς
712 599 773 664 dici
788 601 936 687 legimus,
950 620 1026 687 quos
1037 600 1088 664 ille
1099 599 1339 665 commentarios

183 729 279 783 vocat.
302 716 393 799 Quod
410 738 509 802 quum
530 714 612 779 baud
639 716 759 801 fugeret
786 716 863 778 virus
891 714 1011 790 doctos,
1044 714 1134 800 vulgo
1166 725 1268 778 tamen
1294 714 1338 777 ita

180 833 361 896 sententiam
380 832 457 896 Livii
477 832 660 915 explicatam
680 828 800 903 rideas,
833 829 920 915 quasi
949 826 1078 891 annales
1109 826 1183 891 titrt
1212 826 1339 891 Pontifi-

171 967 256 1031 cum
280 968 316 1010 eo
342 947 465 1009 nominc
492 944 733 1030 appellarentur,
765 945 811 1006 vel
849 953 932 1006 certe
965 940 1173 1005 indicarentur
1210 940 1336 1006 tabulae

181 1060 318 1144 ligneae,
337 1082 356 1123 a
377 1058 523 1123 Pontifice
547 1058 674 1121 Maximo
691 1046 878 1150 ‘propositae
894 1058 969 1143 (cic.
988 1056 1026 1119 de
1048 1055 1130 1122 Orat.
1153 1057 1193 1121 ll.
1220 1060 1270 1123 lb.
1285 1057 1336 1131 52.

180 1172 359 1259 Serv.l.l.).
382 1172 510 1236 assuas
537 1172 603 1257 ipse
627 1170 771 1235 bistonios
802 1172 903 1235 Livius
927 1170 1057 1235 annales
1089 1171 1238 1239 vocaverit
1266 1172 1339 1235 licet

184 1288 306 1374 (XLIII.
329 1290 379 1352 15.
401 1286 455 1374 2),
475 1308 580 1350 secare
600 1285 728 1351 annales
746 1286 806 1350 nisi
824 1309 879 1371 per
896 1285 1100 1371 turpissimam
1119 1286 1338 1371 negligentiam

182 1398 369 1485 Pontificum
380 1400 612 1465 commentarios
621 1422 683 1464 non
695 1401 811 1485 potuit,
823 1400 976 1488 siquidem
991 1400 1120 1477 abusus,
1143 1421 1238 1486 quem
1248 1401 1338 1466 modo

182 1517 352 1601 generatim
371 1516 532 1593 notabam,
554 1515 612 1579 hac
629 1516 661 1579 iu
684 1537 715 1579 re
727 1524 811 1597 tanto
829 1515 932 1579 suisset
949 1516 1082 1601 gravior,
1105 1527 1219 1601 quanto
1241 1517 1338 1604 magis

178 1651 282 1693 ansam
310 1632 481 1695 confusioni
508 1631 706 1717 praebuisset.
738 1632 817 1696 Satis
842 1634 926 1697 enim
956 1642 1076 1696 certum
1105 1642 1164 1708 est,
1195 1629 1226 1693 id
1254 1630 1336 1718 quod

181 1745 259 1807 inlra
270 1767 436 1830 exponam,
456 1758 575 1832 praeter
594 1746 722 1810 annales
738 1747 798 1811 alia
809 1757 1009 1812 monumenta
1028 1746 1211 1809 Pontificum
1227 1746 1336 1823 luisse,

180 1880 259 1946 quae
280 1862 402 1945 proprie
422 1860 598 1924 dicerentur
618 1859 845 1937 commentarii,
874 1860 966 1945 digna
994 1860 1121 1947 quidem
1154 1860 1226 1938 illa,·
1256 1882 1336 1947 quae
1409 1868 1411 1872 ’

180 1953 373 2038 historiarum
395 1975 522 2058 scriptor
543 1988 677 2052 curaret,
702 1974 837 2039 sednon
869 1977 931 2053 ita,
962 1987 998 2039 ut
1023 1956 1200 2061 posthabitis
1229 1975 1336 2038 ceteris

180 2087 321 2151 omnibus
352 2086 462 2151 borum
492 2090 649 2154 interitum
676 2090 852 2175 singulatim
879 2100 1072 2175 memoraret.
1108 2091 1148 2153 tt
1169 2111 1240 2153 vero
1251 2089 1336 2153 aliud

181 2212 242 2284 est,
255 2222 318 2287 quo
337 2202 527 2280 refelluntur,
548 2205 602 2289 qui
620 2205 703 2290 apud
725 2206 846 2269 Livium
867 2206 1101 2270 commentarios
1117 2205 1158 2269 ab
1173 2204 1337 2270 annalibus

186 2337 247 2379 non
277 2316 485 2404 distinguunt:
520 2318 639 2383 inducit
674 2322 756 2385 enim
784 2321 888 2384 Livius
918 2320 971 2387 lv.
1006 2323 1035 2386 5.
1066 2324 1103 2397 9,
1131 2344 1203 2385 suus
1230 2322 1338 2407 procul

184 2429 278 2495 dubio
311 2432 445 2516 optimus
478 2434 641 2518 interpres,
673 2433 857 2499 Canuleium
887 2433 1060 2498 Tribunum
1087 2447 1268 2521 querentem
1297 2436 1336 2499 de

181 2545 267 2611 aditu
287 2546 325 2611 ad
348 2546 580 2611 commentarios
601 2545 790 2632 Pontificum
811 2548 898 2611 Plebi
909 2560 1029 2633 negato.
1047 2550 1201 2613 Haeccine
1216 2550 1337 2615 ualeant

180 2663 211 2726 in
235 2661 364 2726 annales
385 2663 564 2728 monimus?
587 2663 748 2727 Habebunt
769 2663 903 2740 bilibri,
925 2664 998 2727 sia.
1023 2665 1061 2729 tt.
1093 2667 1155 2729 509
1178 2666 1241 2729 iam
1259 2686 1333 2728 con-

179 2777 272 2841 iectos
292 2789 435 2864 putemus
461 2778 554 2866 (quod
579 2800 677 2865 quum
701 2800 831 2864 negem,
854 2799 912 2841 cur
932 2799 1018 2841 secus
1046 2777 1183 2841 rideatur
1202 2778 1331 2864 probare

178 2914 239 2956 non
269 2904 314 2956 est
338 2892 431 2957 buius
459 2893 552 2980 loci),
583 2904 691 2956 natura
719 2915 773 2956 sua
804 2890 883 2955 nihil
923 2891 1095 2978 quidquam
1131 2914 1205 2956 cum
1243 2913 1345 2956 causa-

177 3005 259 3070 illius
279 3007 421 3092 querelae
443 3028 618 3071 commune.
650 3007 786 3071 Tabulae
812 3017 916 3070 autem
947 3017 1030 3069 certe
1056 3029 1117 3070 non
1146 3007 1185 3070 ad
1213 3009 1333 3094 suppri-

177 3118 326 3182 mendum
345 3131 376 3183 et
395 3119 575 3195 celandum,
600 3119 682 3207 quod
703 3122 780 3184 scire
801 3120 904 3184 Plebis
930 3121 1104 3199 interesset,
1127 3134 1253 3207 coeptae
1264 3133 1335 3186 sunt

179 3234 318 3318 proponi.
352 3232 435 3314 Quid
457 3234 551 3320 igitur
580 3235 760 3312 Canuleius,
791 3237 816 3298 si
845 3256 948 3300 rerum
975 3246 1128 3320 gestarum
1156 3238 1334 3300 memoriam

180 3361 359 3436 spectasset,
381 3349 419 3413 de
441 3351 606 3435 praeclusis
643 3350 870 3416 commentariis
904 3363 1027 3437 questus
1062 3351 1190 3414 suisset?
1220 3352 1333 3437 Utique

177 3487 194 3526 a
219 3484 288 3526 vero
309 3464 332 3526 is
355 3464 452 3527 aberit
472 3466 626 3550 proxime,
654 3466 709 3550 qui
731 3465 871 3542 Livium,
893 3465 1126 3530 commentarios
1145 3463 1334 3549 Pontificum

177 3588 416 3653 memorantem,
441 3589 570 3665 utroque
591 3579 659 3642 loco
683 3579 766 3642 idem
786 3579 970 3665 significasse
996 3581 1144 3644 statuerit.
1167 3579 1250 3660 Quid
1271 3602 1334 3644 esse
1359 3598 1361 3602 “

116 3767 119 3773 Δ
176 3689 253 3754 illud
276 3690 431 3783 rideatur,
456 3693 518 3755 iam
540 3691 642 3756 dicam
661 3694 796 3777 apertius
814 3705 845 3757 et
871 3694 1072 3778 explanatius.

219 3803 333 3868 Indca
363 3805 469 3889 primis
498 3806 703 3891 temporibus,
735 3829 795 3871 non
828 3808 953 3894 quidem
983 3807 1108 3871 Romuli
1136 3809 1183 3871 vel
1206 3828 1332 3894 quoquo

177 3920 302 3983 nomine
322 3920 493 4005 appellatus
515 3920 590 3998 fuit,
613 3924 667 4008 qui
689 3923 829 3988 conditor
848 3925 937 3989 Urbis
950 3923 1150 4001 credebatur,
1163 3923 1214 3986 sed
1227 3922 1332 3988 subeo

178 4037 265 4120 Rege
296 4038 526 4114 Romanorum,
559 4038 610 4101 cui
643 4038 761 4102 Numae
794 4038 884 4104 datur
906 4061 1040 4116 nomen,
1062 4041 1180 4126 quique
1216 4040 1332 4124 primus

176 4148 338 4212 Pontifices
366 4152 459 4236 legit,
494 4152 541 4216 rel
572 4152 767 4238 paulopost,
791 4151 865 4217 huic
887 4153 1072 4217 Pontificum
1094 4155 1224 4240 collegio
1244 4155 1333 4218 incu-

176 4262 275 4327 buisse
298 4284 372 4326 eura
391 4262 528 4342 ridetur,
559 4276 593 4328 ut
615 4287 752 4352 quaeres
774 4278 837 4332 tam
859 4267 1002 4352 publicae
1026 4280 1225 4354 gererentur,
1239 4289 1332 4354 quam

175 4401 276 4444 sacrae
306 4392 539 4464 peragerentur,
580 4382 832 4459 instituerentur,
877 4393 1077 4458 notarentur,
1113 4404 1163 4444 eas
1194 4381 1254 4444 sibi
1284 4404 1331 4445 re·

177 4493 289 4560 ferrent
310 4497 342 4559 in
368 4498 616 4576 commentarios,
638 4517 713 4583 quos
734 4495 841 4561 sedulo
864 4498 937 4581 ipsi,
962 4508 996 4562 ut
1017 4520 1072 4583 par
1094 4507 1157 4576 est,
1178 4508 1331 4562 servarent
