<?xml version="1.0" encoding="UTF-8"?>
<!DOCTYPE html PUBLIC "-//W3C//DTD XHTML 1.0 Transitional//EN"
    "http://www.w3.org/TR/xhtml1/DTD/xhtml1-transitional.dtd">
<html xmlns="http://www.w3.org/1999/xhtml" xml:lang="en" lang="en">
 <head>
  <title>
</title>
<meta http-equiv="Content-Type" content="text/html;charset=utf-8" />
  <meta name='ocr-system' content='tesseract 3.04.00' />
  <meta name='ocr-capabilities' content='ocr_page ocr_carea ocr_par ocr_line ocrx_word'/>
</head>
<body>
  <div class='ocr_page' id='page_1' title='image "./disputatiocriti00hullgoog_0046.png"; bbox 0 0 3150 5275; ppageno 0'>
   <div class='ocr_carea' id='block_1_1' title="bbox 796 469 836 532">
    <p class='ocr_par' dir='ltr' id='par_1_1' title="bbox 796 469 836 532">
     <span class='ocr_line' id='line_1_1' title="bbox 796 469 836 532; baseline -0.025 0"><span class='ocrx_word' id='word_1_1' title='bbox 796 469 836 532; x_wconf 72' lang='lat'>54</span> 
     </span>
    </p>
   </div>
   <div class='ocr_carea' id='block_1_2' title="bbox 236 669 1393 2586">
    <p class='ocr_par' dir='ltr' id='par_1_2' title="bbox 236 669 1393 2586">
     <span class='ocr_line' id='line_1_2' title="bbox 286 669 1393 761; baseline 0 -22"><span class='ocrx_word' id='word_1_2' title='bbox 286 672 403 739; x_wconf 86' lang='lat' dir='ltr'>Horum</span> <span class='ocrx_word' id='word_1_3' title='bbox 422 674 515 759; x_wconf 86' lang='lat' dir='ltr'>igitur</span> <span class='ocrx_word' id='word_1_4' title='bbox 535 672 774 737; x_wconf 67' lang='lat' dir='ltr'><strong>testimoniorum</strong></span> <span class='ocrx_word' id='word_1_5' title='bbox 797 679 832 732; x_wconf 94' lang='lat' dir='ltr'>ut</span> <span class='ocrx_word' id='word_1_6' title='bbox 855 670 949 733; x_wconf 90' lang='lat' dir='ltr'>altero</span> <span class='ocrx_word' id='word_1_7' title='bbox 975 669 1105 733; x_wconf 87' lang='lat' dir='ltr'>alterum</span> <span class='ocrx_word' id='word_1_8' title='bbox 1132 672 1272 757; x_wconf 79' lang='lat' dir='ltr'>expletur</span> <span class='ocrx_word' id='word_1_9' title='bbox 1299 684 1393 761; x_wconf 87' lang='lat' dir='ltr'>atque</span> 
     </span>
     <span class='ocr_line' id='line_1_3' title="bbox 242 782 1392 872; baseline 0.001 -21"><span class='ocrx_word' id='word_1_10' title='bbox 242 787 274 853; x_wconf 89' lang='lat' dir='ltr'>in</span> <span class='ocrx_word' id='word_1_11' title='bbox 296 809 414 851; x_wconf 89' lang='lat' dir='ltr'>summa</span> <span class='ocrx_word' id='word_1_12' title='bbox 437 788 480 850; x_wconf 90' lang='lat' dir='ltr'>rei</span> <span class='ocrx_word' id='word_1_13' title='bbox 502 786 718 861; x_wconf 87' lang='lat' dir='ltr'>confirmatur,</span> <span class='ocrx_word' id='word_1_14' title='bbox 748 782 791 846; x_wconf 88' lang='lat' dir='ltr'>ita</span> <span class='ocrx_word' id='word_1_15' title='bbox 814 782 905 847; x_wconf 93' lang='lat' dir='ltr'>simul</span> <span class='ocrx_word' id='word_1_16' title='bbox 927 784 952 845; x_wconf 90' lang='lat' dir='ltr'>si</span> <span class='ocrx_word' id='word_1_17' title='bbox 974 804 1036 846; x_wconf 93' lang='lat' dir='ltr'>non</span> <span class='ocrx_word' id='word_1_18' title='bbox 1057 786 1236 872; x_wconf 84' lang='lat' dir='ltr'>corrigitur,</span> <span class='ocrx_word' id='word_1_19' title='bbox 1259 796 1392 852; x_wconf 88' lang='lat' dir='ltr'>atcerte</span> 
     </span>
     <span class='ocr_line' id='line_1_4' title="bbox 242 898 1393 987; baseline 0 -19"><span class='ocrx_word' id='word_1_20' title='bbox 242 903 428 987; x_wconf 79' lang='lat' dir='ltr'>explicatur:</span> <span class='ocrx_word' id='word_1_21' title='bbox 461 922 533 964; x_wconf 91' lang='lat' dir='ltr'>nam</span> <span class='ocrx_word' id='word_1_22' title='bbox 558 900 581 963; x_wconf 93' lang='lat' dir='ltr'>si</span> <span class='ocrx_word' id='word_1_23' title='bbox 605 898 663 962; x_wconf 94' lang='lat' dir='ltr'>hoc</span> <span class='ocrx_word' id='word_1_24' title='bbox 687 899 780 962; x_wconf 88' lang='lat' dir='ltr'>voluit</span> <span class='ocrx_word' id='word_1_25' title='bbox 803 898 928 975; x_wconf 84' lang='lat' dir='ltr'>Cicero,</span> <span class='ocrx_word' id='word_1_26' title='bbox 952 899 1070 963; x_wconf 93' lang='lat' dir='ltr'>utiam</span> <span class='ocrx_word' id='word_1_27' title='bbox 1095 924 1111 964; x_wconf 82' lang='grc' dir='ltr'>(ι</span> <span class='ocrx_word' id='word_1_28' title='bbox 1120 902 1160 965; x_wconf 97' lang='lat' dir='ltr'>ab</span> <span class='ocrx_word' id='word_1_29' title='bbox 1182 904 1268 967; x_wconf 87' lang='lat' dir='ltr'>initio</span> <span class='ocrx_word' id='word_1_30' title='bbox 1291 926 1393 968; x_wconf 88' lang='lat' dir='ltr'>rerum</span> 
     </span>
     <span class='ocr_line' id='line_1_5' title="bbox 238 1012 1389 1097; baseline 0.001 -16"><span class='ocrx_word' id='word_1_31' title='bbox 238 1019 472 1081; x_wconf 83' lang='lat' dir='ltr'>Romanarum»</span> <span class='ocrx_word' id='word_1_32' title='bbox 507 1013 675 1097; x_wconf 75' lang='lat' dir='ltr'><strong>propositae</strong></span> <span class='ocrx_word' id='word_1_33' title='bbox 705 1014 764 1076; x_wconf 91' lang='lat' dir='ltr'>sint</span> <span class='ocrx_word' id='word_1_34' title='bbox 787 1012 932 1090; x_wconf 88' lang='lat' dir='ltr'>tabulae,</span> <span class='ocrx_word' id='word_1_35' title='bbox 955 1016 1063 1077; x_wconf 90' lang='lat' dir='ltr'>merito</span> <span class='ocrx_word' id='word_1_36' title='bbox 1086 1037 1148 1079; x_wconf 90' lang='lat' dir='ltr'>non</span> <span class='ocrx_word' id='word_1_37' title='bbox 1171 1016 1263 1082; x_wconf 90' lang='lat' dir='ltr'>habet</span> <span class='ocrx_word' id='word_1_38' title='bbox 1285 1040 1389 1082; x_wconf 90' lang='lat' dir='ltr'>secum</span> 
     </span>
     <span class='ocr_line' id='line_1_6' title="bbox 239 1124 1390 1205; baseline -0.002 -10"><span class='ocrx_word' id='word_1_39' title='bbox 239 1130 478 1195; x_wconf 73' lang='lat' dir='ltr'>consentientem</span> <span class='ocrx_word' id='word_1_40' title='bbox 508 1126 664 1204; x_wconf 88' lang='lat' dir='ltr'>Servium,</span> <span class='ocrx_word' id='word_1_41' title='bbox 695 1148 753 1190; x_wconf 92' lang='lat' dir='ltr'>nec</span> <span class='ocrx_word' id='word_1_42' title='bbox 776 1137 881 1190; x_wconf 86' lang='lat' dir='ltr'>contra</span> <span class='ocrx_word' id='word_1_43' title='bbox 904 1124 955 1189; x_wconf 94' lang='lat' dir='ltr'>hic</span> <span class='ocrx_word' id='word_1_44' title='bbox 977 1128 1084 1205; x_wconf 91' lang='lat' dir='ltr'>illum,</span> <span class='ocrx_word' id='word_1_45' title='bbox 1108 1131 1132 1191; x_wconf 92' lang='lat' dir='ltr'>si</span> <span class='ocrx_word' id='word_1_46' title='bbox 1154 1152 1191 1193; x_wconf 84' lang='lat' dir='ltr'>ex</span> <span class='ocrx_word' id='word_1_47' title='bbox 1213 1129 1320 1193; x_wconf 88' lang='lat' dir='ltr'>iisdem</span> <span class='ocrx_word' id='word_1_48' title='bbox 1344 1142 1390 1193; x_wconf 85' lang='lat' dir='ltr'>ta-</span> 
     </span>
     <span class='ocr_line' id='line_1_7' title="bbox 239 1217 1391 1326; baseline -0.002 -19"><span class='ocrx_word' id='word_1_49' title='bbox 239 1244 318 1308; x_wconf 88' lang='lat' dir='ltr'><strong>bulis</strong></span> <span class='ocrx_word' id='word_1_50' title='bbox 340 1252 424 1306; x_wconf 90' lang='lat' dir='ltr'>natos</span> <span class='ocrx_word' id='word_1_51' title='bbox 446 1238 574 1304; x_wconf 81' lang='lat' dir='ltr'>annales</span> <span class='ocrx_word' id='word_1_52' title='bbox 594 1238 708 1305; x_wconf 80' lang='lat' dir='ltr'>statuit.</span> <span class='ocrx_word' id='word_1_53' title='bbox 731 1238 775 1303; x_wconf 88' lang='lat' dir='ltr'>De</span> <span class='ocrx_word' id='word_1_54' title='bbox 798 1249 927 1324; x_wconf 91' lang='lat' dir='ltr'>utraque</span> <span class='ocrx_word' id='word_1_55' title='bbox 951 1260 983 1302; x_wconf 92' lang='lat' dir='ltr'>re</span> <span class='ocrx_word' id='word_1_56' title='bbox 1004 1217 1159 1323; x_wconf 83' lang='lat' dir='ltr'>superiore</span> <span class='ocrx_word' id='word_1_57' title='bbox 1181 1240 1285 1326; x_wconf 82' lang='lat' dir='ltr'>Capite</span> <span class='ocrx_word' id='word_1_58' title='bbox 1308 1264 1391 1305; x_wconf 90' lang='lat' dir='ltr'>sum·</span> 
     </span>
     <span class='ocr_line' id='line_1_8' title="bbox 239 1354 1393 1439; baseline -0.002 -18"><span class='ocrx_word' id='word_1_59' title='bbox 239 1358 344 1421; x_wconf 90' lang='lat' dir='ltr'>matim</span> <span class='ocrx_word' id='word_1_60' title='bbox 376 1354 504 1431; x_wconf 89' lang='lat' dir='ltr'>monui,</span> <span class='ocrx_word' id='word_1_61' title='bbox 534 1374 633 1439; x_wconf 89' lang='lat' dir='ltr'>quum</span> <span class='ocrx_word' id='word_1_62' title='bbox 662 1363 697 1416; x_wconf 94' lang='lat' dir='ltr'>ut</span> <span class='ocrx_word' id='word_1_63' title='bbox 719 1354 799 1417; x_wconf 88' lang='lat' dir='ltr'>inter</span> <span class='ocrx_word' id='word_1_64' title='bbox 828 1354 1061 1417; x_wconf 86' lang='lat' dir='ltr'>commentarios</span> <span class='ocrx_word' id='word_1_65' title='bbox 1089 1355 1151 1417; x_wconf 82' lang='lat' dir='ltr'>sire</span> <span class='ocrx_word' id='word_1_66' title='bbox 1173 1354 1340 1419; x_wconf 84' lang='lat' dir='ltr'>adversaria</span> <span class='ocrx_word' id='word_1_67' title='bbox 1361 1366 1393 1419; x_wconf 84' lang='lat' dir='ltr'>et</span> 
     </span>
     <span class='ocr_line' id='line_1_9' title="bbox 239 1468 1390 1548; baseline 0 -13"><span class='ocrx_word' id='word_1_68' title='bbox 239 1470 374 1548; x_wconf 87' lang='lat' dir='ltr'>tabulas,</span> <span class='ocrx_word' id='word_1_69' title='bbox 405 1472 447 1535; x_wconf 90' lang='lat' dir='ltr'>ita</span> <span class='ocrx_word' id='word_1_70' title='bbox 477 1471 556 1534; x_wconf 90' lang='lat' dir='ltr'>inter</span> <span class='ocrx_word' id='word_1_71' title='bbox 586 1479 745 1533; x_wconf 89' lang='lat' dir='ltr'>aeternum</span> <span class='ocrx_word' id='word_1_72' title='bbox 773 1479 804 1533; x_wconf 91' lang='lat' dir='ltr'>et</span> <span class='ocrx_word' id='word_1_73' title='bbox 825 1489 965 1531; x_wconf 89' lang='lat' dir='ltr'>annuum</span> <span class='ocrx_word' id='word_1_74' title='bbox 994 1468 1179 1535; x_wconf 87' lang='lat' dir='ltr'>Pontificum</span> <span class='ocrx_word' id='word_1_75' title='bbox 1204 1472 1390 1535; x_wconf 81' lang='lat' dir='ltr'>tabularium</span> 
     </span>
     <span class='ocr_line' id='line_1_10' title="bbox 237 1582 1389 1670; baseline 0 -22"><span class='ocrx_word' id='word_1_76' title='bbox 237 1584 465 1670; x_wconf 84' lang='lat' dir='ltr'>distinguerem.</span> <span class='ocrx_word' id='word_1_77' title='bbox 496 1582 586 1665; x_wconf 88' lang='lat' dir='ltr'>Quod</span> <span class='ocrx_word' id='word_1_78' title='bbox 617 1583 718 1668; x_wconf 92' lang='lat' dir='ltr'>ipsum</span> <span class='ocrx_word' id='word_1_79' title='bbox 750 1582 913 1648; x_wconf 82' lang='lat' dir='ltr'>discrimen</span> <span class='ocrx_word' id='word_1_80' title='bbox 941 1582 1045 1648; x_wconf 88' lang='lat' dir='ltr'>Cicero</span> <span class='ocrx_word' id='word_1_81' title='bbox 1075 1583 1171 1668; x_wconf 92' lang='lat' dir='ltr'>probe</span> <span class='ocrx_word' id='word_1_82' title='bbox 1197 1584 1323 1670; x_wconf 90' lang='lat' dir='ltr'>quidem</span> <span class='ocrx_word' id='word_1_83' title='bbox 1341 1585 1389 1649; x_wconf 88' lang='lat' dir='ltr'>in-</span> 
     </span>
     <span class='ocr_line' id='line_1_11' title="bbox 238 1696 1391 1786; baseline 0 -22"><span class='ocrx_word' id='word_1_84' title='bbox 238 1699 349 1764; x_wconf 86' lang='lat' dir='ltr'>dicavit</span> <span class='ocrx_word' id='word_1_85' title='bbox 374 1696 579 1786; x_wconf 78' lang='lat' dir='ltr'>(amandabat</span> <span class='ocrx_word' id='word_1_86' title='bbox 600 1696 695 1761; x_wconf 90' lang='lat' dir='ltr'>literis</span> <span class='ocrx_word' id='word_1_87' title='bbox 717 1734 769 1776; x_wconf 87' lang='lat'>-‚</span> <span class='ocrx_word' id='word_1_88' title='bbox 793 1698 1005 1784; x_wconf 80' lang='lat' dir='ltr'>referebatque</span> <span class='ocrx_word' id='word_1_89' title='bbox 1027 1697 1060 1761; x_wconf 91' lang='lat' dir='ltr'>in</span> <span class='ocrx_word' id='word_1_90' title='bbox 1081 1699 1205 1776; x_wconf 87' lang='lat' dir='ltr'>album,</span> <span class='ocrx_word' id='word_1_91' title='bbox 1228 1711 1259 1763; x_wconf 90' lang='lat' dir='ltr'>et</span> <span class='ocrx_word' id='word_1_92' title='bbox 1281 1723 1391 1785; x_wconf 90' lang='lat' dir='ltr'>propo·</span> 
     </span>
     <span class='ocr_line' id='line_1_12' title="bbox 237 1810 1393 1899; baseline -0.001 -21"><span class='ocrx_word' id='word_1_93' title='bbox 237 1814 330 1878; x_wconf 91' lang='lat' dir='ltr'>nebat</span> <span class='ocrx_word' id='word_1_94' title='bbox 358 1812 493 1875; x_wconf 90' lang='lat' dir='ltr'>tabulam</span> <span class='ocrx_word' id='word_1_95' title='bbox 523 1810 669 1899; x_wconf 87' lang='lat' dir='ltr'>domi»);</span> <span class='ocrx_word' id='word_1_96' title='bbox 701 1811 752 1876; x_wconf 87' lang='lat' dir='ltr'>sed</span> <span class='ocrx_word' id='word_1_97' title='bbox 774 1813 872 1877; x_wconf 88' lang='lat' dir='ltr'>nimia</span> <span class='ocrx_word' id='word_1_98' title='bbox 905 1812 1026 1876; x_wconf 84' lang='lat' dir='ltr'>fortasse</span> <span class='ocrx_word' id='word_1_99' title='bbox 1060 1813 1204 1885; x_wconf 89' lang='lat' dir='ltr'>brevitate</span> <span class='ocrx_word' id='word_1_100' title='bbox 1236 1816 1393 1879; x_wconf 86' lang='lat' dir='ltr'>obscurior</span> 
     </span>
     <span class='ocr_line' id='line_1_13' title="bbox 237 1924 1386 2013; baseline 0.002 -22"><span class='ocrx_word' id='word_1_101' title='bbox 237 1938 374 2013; x_wconf 87' lang='lat' dir='ltr'>tempora</span> <span class='ocrx_word' id='word_1_102' title='bbox 402 1947 464 1989; x_wconf 94' lang='lat' dir='ltr'>non</span> <span class='ocrx_word' id='word_1_103' title='bbox 493 1925 561 1988; x_wconf 90' lang='lat' dir='ltr'>satis</span> <span class='ocrx_word' id='word_1_104' title='bbox 590 1924 730 1991; x_wconf 87' lang='lat' dir='ltr'>distincte</span> <span class='ocrx_word' id='word_1_105' title='bbox 763 1927 893 2004; x_wconf 88' lang='lat' dir='ltr'>notavit;</span> <span class='ocrx_word' id='word_1_106' title='bbox 925 1926 1025 2013; x_wconf 87' lang='lat' dir='ltr'>quod-</span> <span class='ocrx_word' id='word_1_107' title='bbox 1043 1928 1172 2013; x_wconf 89' lang='lat' dir='ltr'>probant</span> <span class='ocrx_word' id='word_1_108' title='bbox 1204 1929 1295 1993; x_wconf 89' lang='lat' dir='ltr'>etiam</span> <span class='ocrx_word' id='word_1_109' title='bbox 1327 1951 1386 2007; x_wconf 88' lang='lat' dir='ltr'>ea,</span> 
     </span>
     <span class='ocr_line' id='line_1_14' title="bbox 237 2040 1390 2132; baseline 0 -24"><span class='ocrx_word' id='word_1_110' title='bbox 237 2066 317 2132; x_wconf 89' lang='lat' dir='ltr'>quae</span> <span class='ocrx_word' id='word_1_111' title='bbox 339 2044 437 2107; x_wconf 87' lang='lat' dir='ltr'>statim</span> <span class='ocrx_word' id='word_1_112' title='bbox 460 2040 635 2127; x_wconf 83' lang='lat' dir='ltr'>subiungit,</span> <span class='ocrx_word' id='word_1_113' title='bbox 662 2043 710 2105; x_wconf 86' lang='lat' dir='ltr'>«ii</span> <span class='ocrx_word' id='word_1_114' title='bbox 733 2042 787 2128; x_wconf 88' lang='lat' dir='ltr'>qni</span> <span class='ocrx_word' id='word_1_115' title='bbox 808 2042 901 2105; x_wconf 88' lang='lat' dir='ltr'>etiam</span> <span class='ocrx_word' id='word_1_116' title='bbox 923 2062 1009 2105; x_wconf 90' lang='lat' dir='ltr'>nunc</span> <span class='ocrx_word' id='word_1_117' title='bbox 1030 2042 1159 2107; x_wconf 79' lang='lat' dir='ltr'>uocales</span> <span class='ocrx_word' id='word_1_118' title='bbox 1180 2043 1314 2108; x_wconf 77' lang='lat' dir='ltr'>maximi</span> <span class='ocrx_word' id='word_1_119' title='bbox 1334 2066 1390 2109; x_wconf 92' lang='lat' dir='ltr'>no-</span> 
     </span>
     <span class='ocr_line' id='line_1_15' title="bbox 237 2156 1388 2244; baseline 0.001 -21"><span class='ocrx_word' id='word_1_120' title='bbox 237 2161 440 2235; x_wconf 86' lang='lat' dir='ltr'>minantur»,</span> <span class='ocrx_word' id='word_1_121' title='bbox 472 2157 584 2243; x_wconf 88' lang='lat' dir='ltr'>qnibus</span> <span class='ocrx_word' id='word_1_122' title='bbox 613 2156 748 2242; x_wconf 85' lang='lat' dir='ltr'>prolecto</span> <span class='ocrx_word' id='word_1_123' title='bbox 774 2157 876 2220; x_wconf 89' lang='lat' dir='ltr'>testari</span> <span class='ocrx_word' id='word_1_124' title='bbox 897 2176 956 2220; x_wconf 89' lang='lat' dir='ltr'>nec</span> <span class='ocrx_word' id='word_1_125' title='bbox 978 2157 1072 2221; x_wconf 84' lang='lat' dir='ltr'>voluit</span> <span class='ocrx_word' id='word_1_126' title='bbox 1093 2177 1152 2222; x_wconf 90' lang='lat' dir='ltr'>nec</span> <span class='ocrx_word' id='word_1_127' title='bbox 1174 2159 1292 2244; x_wconf 84' lang='lat' dir='ltr'>potuit,</span> <span class='ocrx_word' id='word_1_128' title='bbox 1315 2181 1388 2224; x_wconf 86' lang='lat' dir='ltr'>con·</span> 
     </span>
     <span class='ocr_line' id='line_1_16' title="bbox 237 2271 1391 2356; baseline 0.002 -19"><span class='ocrx_word' id='word_1_129' title='bbox 237 2274 323 2337; x_wconf 91' lang='lat' dir='ltr'>tinuo</span> <span class='ocrx_word' id='word_1_130' title='bbox 352 2273 415 2337; x_wconf 90' lang='lat' dir='ltr'>lere</span> <span class='ocrx_word' id='word_1_131' title='bbox 446 2292 563 2335; x_wconf 85' lang='lat' dir='ltr'>annuos</span> <span class='ocrx_word' id='word_1_132' title='bbox 592 2271 662 2334; x_wconf 91' lang='lat' dir='ltr'>illos</span> <span class='ocrx_word' id='word_1_133' title='bbox 690 2271 925 2335; x_wconf 88' lang='lat' dir='ltr'>commentarios</span> <span class='ocrx_word' id='word_1_134' title='bbox 950 2272 1118 2356; x_wconf 90' lang='lat' dir='ltr'>appellatos</span> <span class='ocrx_word' id='word_1_135' title='bbox 1148 2274 1240 2339; x_wconf 82' lang='lat' dir='ltr'>luisse</span> <span class='ocrx_word' id='word_1_136' title='bbox 1262 2274 1391 2340; x_wconf 72' lang='lat' dir='ltr'>accolet</span> 
     </span>
     <span class='ocr_line' id='line_1_17' title="bbox 236 2372 1391 2474; baseline 0.001 -21"><span class='ocrx_word' id='word_1_137' title='bbox 236 2386 391 2453; x_wconf 68' lang='lat' dir='ltr'>maximos</span> <span class='ocrx_word' id='word_1_138' title='bbox 416 2385 475 2474; x_wconf 86' lang='lat' dir='ltr'>(l).</span> <span class='ocrx_word' id='word_1_139' title='bbox 505 2386 626 2463; x_wconf 88' lang='lat' dir='ltr'>Verbo,</span> <span class='ocrx_word' id='word_1_140' title='bbox 659 2384 765 2449; x_wconf 87' lang='lat' dir='ltr'>suadet</span> <span class='ocrx_word' id='word_1_141' title='bbox 796 2372 878 2450; x_wconf 83' lang='lat' dir='ltr'>recta</span> <span class='ocrx_word' id='word_1_142' title='bbox 902 2388 997 2465; x_wconf 89' lang='lat' dir='ltr'>ratio,</span> <span class='ocrx_word' id='word_1_143' title='bbox 1021 2401 1056 2452; x_wconf 93' lang='lat' dir='ltr'>ut</span> <span class='ocrx_word' id='word_1_144' title='bbox 1078 2411 1152 2453; x_wconf 91' lang='lat' dir='ltr'>cum</span> <span class='ocrx_word' id='word_1_145' title='bbox 1181 2391 1278 2455; x_wconf 89' lang='lat' dir='ltr'>tribus</span> <span class='ocrx_word' id='word_1_146' title='bbox 1299 2391 1391 2455; x_wconf 89' lang='lat' dir='ltr'>rebus</span> 
     </span>
     <span class='ocr_line' id='line_1_18' title="bbox 241 2499 1391 2586; baseline 0.003 -21"><span class='ocrx_word' id='word_1_147' title='bbox 241 2504 298 2566; x_wconf 91' lang='lat' dir='ltr'>tria</span> <span class='ocrx_word' id='word_1_148' title='bbox 327 2513 465 2586; x_wconf 89' lang='lat' dir='ltr'>tempora</span> <span class='ocrx_word' id='word_1_149' title='bbox 495 2500 711 2567; x_wconf 88' lang='lat' dir='ltr'>discernamus.</span> <span class='ocrx_word' id='word_1_150' title='bbox 741 2499 844 2563; x_wconf 88' lang='lat' dir='ltr'>Prima</span> <span class='ocrx_word' id='word_1_151' title='bbox 873 2523 920 2565; x_wconf 89' lang='lat' dir='ltr'>res</span> <span class='ocrx_word' id='word_1_152' title='bbox 946 2499 1024 2565; x_wconf 92' lang='lat' dir='ltr'>baec</span> <span class='ocrx_word' id='word_1_153' title='bbox 1045 2513 1107 2581; x_wconf 87' lang='lat' dir='ltr'>est,</span> <span class='ocrx_word' id='word_1_154' title='bbox 1137 2524 1295 2569; x_wconf 82' lang='lat' dir='ltr'>consuesse</span> <span class='ocrx_word' id='word_1_155' title='bbox 1317 2504 1391 2569; x_wconf 88' lang='lat' dir='ltr'>inde</span> 
     </span>
    </p>
   </div>
   <div class='ocr_carea' id='block_1_3' title="bbox 240 2612 1391 2705">
    <p class='ocr_par' dir='ltr' id='par_1_3' title="bbox 240 2612 1391 2705">
     <span class='ocr_line' id='line_1_19' title="bbox 240 2612 1391 2705; baseline 0.003 -25"><span class='ocrx_word' id='word_1_156' title='bbox 240 2626 416 2699; x_wconf 89' lang='lat' dir='ltr'>atempore</span> <span class='ocrx_word' id='word_1_157' title='bbox 441 2613 526 2679; x_wconf 85' lang='lat' dir='ltr'>valde</span> <span class='ocrx_word' id='word_1_158' title='bbox 549 2614 675 2701; x_wconf 79' lang='lat' dir='ltr'>antiquo</span> <span class='ocrx_word' id='word_1_159' title='bbox 702 2612 884 2678; x_wconf 86' lang='lat' dir='ltr'>Pontificem</span> <span class='ocrx_word' id='word_1_160' title='bbox 912 2615 1077 2680; x_wconf 80' lang='lat' dir='ltr'>Maximum</span> <span class='ocrx_word' id='word_1_161' title='bbox 1107 2641 1210 2683; x_wconf 88' lang='lat' dir='ltr'>rerum</span> <span class='ocrx_word' id='word_1_162' title='bbox 1238 2630 1391 2705; x_wconf 85' lang='lat' dir='ltr'>gestarum</span> 
     </span>
    </p>
   </div>
   <div class='ocr_carea' id='block_1_4' title="bbox 239 2727 1394 3051">
    <p class='ocr_par' dir='ltr' id='par_1_4' title="bbox 239 2727 1394 3051">
     <span class='ocr_line' id='line_1_20' title="bbox 239 2727 1387 2815; baseline 0.004 -21"><span class='ocrx_word' id='word_1_163' title='bbox 239 2731 417 2796; x_wconf 89' lang='lat' dir='ltr'>memoriam</span> <span class='ocrx_word' id='word_1_164' title='bbox 446 2730 541 2794; x_wconf 85' lang='lat' dir='ltr'>literis</span> <span class='ocrx_word' id='word_1_165' title='bbox 562 2727 723 2808; x_wconf 88' lang='lat' dir='ltr'>mandare,</span> <span class='ocrx_word' id='word_1_166' title='bbox 746 2738 839 2815; x_wconf 86' lang='lat' dir='ltr'>atque</span> <span class='ocrx_word' id='word_1_167' title='bbox 860 2729 935 2794; x_wconf 90' lang='lat' dir='ltr'>adeo</span> <span class='ocrx_word' id='word_1_168' title='bbox 957 2732 1069 2796; x_wconf 81' lang='lat' dir='ltr'>referre</span> <span class='ocrx_word' id='word_1_169' title='bbox 1090 2733 1123 2797; x_wconf 95' lang='lat' dir='ltr'>in</span> <span class='ocrx_word' id='word_1_170' title='bbox 1146 2737 1387 2800; x_wconf 88' lang='lat' dir='ltr'>commentarios.</span> 
     </span>
     <span class='ocr_line' id='line_1_21' title="bbox 239 2842 1386 2934; baseline 0.002 -24"><span class='ocrx_word' id='word_1_171' title='bbox 239 2847 303 2929; x_wconf 91' lang='lat' dir='ltr'>Qui</span> <span class='ocrx_word' id='word_1_172' title='bbox 320 2845 531 2910; x_wconf 86' lang='lat' dir='ltr'>commentarii</span> <span class='ocrx_word' id='word_1_173' title='bbox 544 2866 643 2932; x_wconf 84' lang='lat' dir='ltr'>quum</span> <span class='ocrx_word' id='word_1_174' title='bbox 661 2844 694 2908; x_wconf 90' lang='lat' dir='ltr'>iu</span> <span class='ocrx_word' id='word_1_175' title='bbox 711 2842 897 2908; x_wconf 86' lang='lat' dir='ltr'>Pontificum</span> <span class='ocrx_word' id='word_1_176' title='bbox 908 2846 1115 2930; x_wconf 87' lang='lat' dir='ltr'>penetralibus</span> <span class='ocrx_word' id='word_1_177' title='bbox 1127 2849 1247 2934; x_wconf 89' lang='lat' dir='ltr'>repositi</span> <span class='ocrx_word' id='word_1_178' title='bbox 1258 2871 1317 2912; x_wconf 92' lang='lat' dir='ltr'>nec</span> <span class='ocrx_word' id='word_1_179' title='bbox 1330 2872 1386 2934; x_wconf 93' lang='lat' dir='ltr'>pu-</span> 
     </span>
     <span class='ocr_line' id='line_1_22' title="bbox 240 2958 1394 3051; baseline -0.001 -23"><span class='ocrx_word' id='word_1_180' title='bbox 240 2963 322 3029; x_wconf 92' lang='lat' dir='ltr'>blice</span> <span class='ocrx_word' id='word_1_181' title='bbox 342 2985 403 3028; x_wconf 90' lang='lat' dir='ltr'>nec</span> <span class='ocrx_word' id='word_1_182' title='bbox 424 2963 564 3026; x_wconf 91' lang='lat' dir='ltr'>omnibus</span> <span class='ocrx_word' id='word_1_183' title='bbox 587 2969 740 3046; x_wconf 89' lang='lat' dir='ltr'>paterent,</span> <span class='ocrx_word' id='word_1_184' title='bbox 767 2960 864 3023; x_wconf 81' lang='lat' dir='ltr'>risum</span> <span class='ocrx_word' id='word_1_185' title='bbox 874 2958 986 3026; x_wconf 92' lang='lat' dir='ltr'>deinde</span> <span class='ocrx_word' id='word_1_186' title='bbox 997 2962 1073 3041; x_wconf 88' lang='lat' dir='ltr'>luit,</span> <span class='ocrx_word' id='word_1_187' title='bbox 1090 2975 1125 3028; x_wconf 93' lang='lat' dir='ltr'>ut</span> <span class='ocrx_word' id='word_1_188' title='bbox 1136 2986 1217 3051; x_wconf 85' lang='lat' dir='ltr'>quae</span> <span class='ocrx_word' id='word_1_189' title='bbox 1227 2965 1394 3051; x_wconf 89' lang='lat' dir='ltr'>quotannis</span> 
     </span>
    </p>
   </div>
   <div class='ocr_carea' id='block_1_5' title="bbox 242 3187 626 3200">
    <p class='ocr_par' dir='ltr' id='par_1_5' title="bbox 242 3187 626 3200">
     <span class='ocr_line' id='line_1_23' title="bbox 242 3187 626 3200; baseline -0.01 0"><span class='ocrx_word' id='word_1_190' title='bbox 242 3187 626 3200; x_wconf 73' lang='lat'>-—---.-----.</span> 
     </span>
    </p>
   </div>
   <div class='ocr_carea' id='block_1_6' title="bbox 237 3328 1394 4693">
    <p class='ocr_par' dir='ltr' id='par_1_6' title="bbox 237 3328 1394 4693">
     <span class='ocr_line' id='line_1_24' title="bbox 276 3328 1393 3410; baseline -0.002 -18"><span class='ocrx_word' id='word_1_191' title='bbox 276 3339 316 3410; x_wconf 85' lang='grc'>(1)</span> <span class='ocrx_word' id='word_1_192' title='bbox 335 3337 377 3393; x_wconf 83' lang='lat' dir='ltr'>Cf.</span> <span class='ocrx_word' id='word_1_193' title='bbox 399 3331 620 3408; x_wconf 84' lang='lat' dir='ltr'>negligentissime</span> <span class='ocrx_word' id='word_1_194' title='bbox 641 3329 754 3404; x_wconf 87' lang='lat' dir='ltr'>scriptus</span> <span class='ocrx_word' id='word_1_195' title='bbox 778 3328 908 3387; x_wconf 78' lang='lat' dir='ltr'>Macrobii</span> <span class='ocrx_word' id='word_1_196' title='bbox 932 3330 1020 3402; x_wconf 87' lang='lat' dir='ltr'>locus,</span> <span class='ocrx_word' id='word_1_197' title='bbox 1036 3333 1091 3389; x_wconf 86' lang='lat' dir='ltr'>Sat.</span> <span class='ocrx_word' id='word_1_198' title='bbox 1109 3333 1166 3391; x_wconf 89' lang='grc' dir='ltr'>ΠΙ.</span> <span class='ocrx_word' id='word_1_199' title='bbox 1184 3336 1208 3390; x_wconf 73' lang='lat'>2.</span> <span class='ocrx_word' id='word_1_200' title='bbox 1226 3353 1247 3390; x_wconf 89' lang='lat' dir='ltr'>s.</span> <span class='ocrx_word' id='word_1_201' title='bbox 1265 3334 1298 3403; x_wconf 82' lang='lat' dir='ltr'>f.‚</span> <span class='ocrx_word' id='word_1_202' title='bbox 1315 3352 1393 3406; x_wconf 87' lang='lat' dir='ltr'>quem</span> 
     </span>
     <span class='ocr_line' id='line_1_25' title="bbox 239 3429 1394 3500; baseline -0.003 -8"><span class='ocrx_word' id='word_1_203' title='bbox 239 3435 309 3492; x_wconf 76' lang='lat' dir='ltr'>iutra</span> <span class='ocrx_word' id='word_1_204' title='bbox 332 3435 443 3492; x_wconf 77' lang='lat' dir='ltr'>efferam.</span> <span class='ocrx_word' id='word_1_205' title='bbox 467 3434 590 3490; x_wconf 83' lang='lat' dir='ltr'>Ceterum</span> <span class='ocrx_word' id='word_1_206' title='bbox 607 3429 685 3486; x_wconf 88' lang='lat' dir='ltr'>aliter</span> <span class='ocrx_word' id='word_1_207' title='bbox 701 3429 734 3485; x_wconf 92' lang='lat' dir='ltr'>de</span> <span class='ocrx_word' id='word_1_208' title='bbox 751 3429 876 3486; x_wconf 83' lang='lat' dir='ltr'>Cicerone</span> <span class='ocrx_word' id='word_1_209' title='bbox 892 3434 981 3487; x_wconf 87' lang='lat' dir='ltr'>censet</span> <span class='ocrx_word' id='word_1_210' title='bbox 998 3431 1169 3500; x_wconf 83' lang='lat' dir='ltr'>Karstenins,</span> <span class='ocrx_word' id='word_1_211' title='bbox 1187 3432 1219 3488; x_wconf 87' lang='lat' dir='ltr'>de</span> <span class='ocrx_word' id='word_1_212' title='bbox 1235 3433 1298 3490; x_wconf 82' lang='lat' dir='ltr'>bist.</span> <span class='ocrx_word' id='word_1_213' title='bbox 1313 3433 1394 3489; x_wconf 85' lang='lat' dir='ltr'>Rom.</span> 
     </span>
     <span class='ocr_line' id='line_1_26' title="bbox 240 3531 1393 3606; baseline -0.001 -17"><span class='ocrx_word' id='word_1_214' title='bbox 240 3534 321 3606; x_wconf 84' lang='lat' dir='ltr'>antiq.</span> <span class='ocrx_word' id='word_1_215' title='bbox 344 3533 431 3588; x_wconf 91' lang='lat' dir='ltr'>indole</span> <span class='ocrx_word' id='word_1_216' title='bbox 454 3535 482 3588; x_wconf 92' lang='lat' dir='ltr'>et</span> <span class='ocrx_word' id='word_1_217' title='bbox 505 3535 604 3588; x_wconf 87' lang='lat' dir='ltr'>auctor.</span> <span class='ocrx_word' id='word_1_218' title='bbox 620 3551 649 3606; x_wconf 81' lang='lat' dir='ltr'>p.</span> <span class='ocrx_word' id='word_1_219' title='bbox 666 3533 715 3600; x_wconf 82' lang='lat'>20,</span> <span class='ocrx_word' id='word_1_220' title='bbox 732 3532 791 3603; x_wconf 91' lang='lat' dir='ltr'>qui:</span> <span class='ocrx_word' id='word_1_221' title='bbox 813 3531 999 3600; x_wconf 57' lang='lat' dir='ltr'>solomonem,</span> <span class='ocrx_word' id='word_1_222' title='bbox 1016 3531 1117 3603; x_wconf 84' lang='lat' dir='ltr'>inquit,</span> <span class='ocrx_word' id='word_1_223' title='bbox 1134 3549 1165 3587; x_wconf 88' lang='lat' dir='ltr'>eo</span> <span class='ocrx_word' id='word_1_224' title='bbox 1183 3532 1241 3588; x_wconf 92' lang='lat' dir='ltr'>loco</span> <span class='ocrx_word' id='word_1_225' title='bbox 1257 3531 1393 3588; x_wconf 87' lang='lat' dir='ltr'>annalium</span> 
     </span>
     <span class='ocr_line' id='line_1_27' title="bbox 239 3630 1392 3705; baseline -0.003 -18"><span class='ocrx_word' id='word_1_226' title='bbox 239 3631 344 3690; x_wconf 86' lang='lat' dir='ltr'>illorum</span> <span class='ocrx_word' id='word_1_227' title='bbox 366 3631 563 3705; x_wconf 88' lang='lat' dir='ltr'>amplitudinem</span> <span class='ocrx_word' id='word_1_228' title='bbox 589 3631 703 3687; x_wconf 87' lang='lat' dir='ltr'>oratorie</span> <span class='ocrx_word' id='word_1_229' title='bbox 729 3649 915 3704; x_wconf 83' lang='lat' dir='ltr'>exaggerasse,</span> <span class='ocrx_word' id='word_1_230' title='bbox 938 3631 998 3704; x_wconf 89' lang='lat' dir='ltr'>ipsa</span> <span class='ocrx_word' id='word_1_231' title='bbox 1023 3630 1104 3685; x_wconf 89' lang='lat' dir='ltr'>verba</span> <span class='ocrx_word' id='word_1_232' title='bbox 1130 3635 1277 3703; x_wconf 82' lang='lat' dir='ltr'>arguuntr.</span> <span class='ocrx_word' id='word_1_233' title='bbox 1302 3631 1392 3702; x_wconf 84' lang='lat' dir='ltr'>Negat</span> 
     </span>
     <span class='ocr_line' id='line_1_28' title="bbox 240 3707 1389 3805; baseline -0.003 -20"><span class='ocrx_word' id='word_1_234' title='bbox 240 3729 309 3786; x_wconf 89' lang='lat' dir='ltr'>enim</span> <span class='ocrx_word' id='word_1_235' title='bbox 333 3707 375 3784; x_wconf 84' lang='lat' dir='ltr'>vir</span> <span class='ocrx_word' id='word_1_236' title='bbox 396 3727 472 3798; x_wconf 79' lang='lat' dir='ltr'>elan,</span> <span class='ocrx_word' id='word_1_237' title='bbox 497 3728 600 3788; x_wconf 61' lang='lat' dir='ltr'>tullum</span> <span class='ocrx_word' id='word_1_238' title='bbox 624 3734 727 3787; x_wconf 85' lang='lat' dir='ltr'>exstare</span> <span class='ocrx_word' id='word_1_239' title='bbox 749 3730 883 3805; x_wconf 86' lang='lat' dir='ltr'>probabile</span> <span class='ocrx_word' id='word_1_240' title='bbox 908 3724 1087 3784; x_wconf 80' lang='lat' dir='ltr'>testimonium</span> <span class='ocrx_word' id='word_1_241' title='bbox 1103 3729 1149 3785; x_wconf 83' lang='lat' dir='ltr'>rel</span> <span class='ocrx_word' id='word_1_242' title='bbox 1165 3729 1303 3796; x_wconf 89' lang='lat' dir='ltr'>indicium,</span> <span class='ocrx_word' id='word_1_243' title='bbox 1320 3727 1389 3783; x_wconf 90' lang='lat' dir='ltr'>unde</span> 
     </span>
     <span class='ocr_line' id='line_1_29' title="bbox 240 3826 1392 3902; baseline -0.001 -19"><span class='ocrx_word' id='word_1_244' title='bbox 240 3827 306 3884; x_wconf 92' lang='lat' dir='ltr'>effici</span> <span class='ocrx_word' id='word_1_245' title='bbox 327 3827 424 3902; x_wconf 89' lang='lat' dir='ltr'>possit,</span> <span class='ocrx_word' id='word_1_246' title='bbox 447 3828 604 3885; x_wconf 89' lang='lat' dir='ltr'>Pontificum</span> <span class='ocrx_word' id='word_1_247' title='bbox 625 3831 823 3886; x_wconf 81' lang='lat' dir='ltr'>commentarios</span> <span class='ocrx_word' id='word_1_248' title='bbox 846 3829 899 3884; x_wconf 86' lang='lat' dir='ltr'>iam</span> <span class='ocrx_word' id='word_1_249' title='bbox 919 3827 968 3883; x_wconf 82' lang='lat' dir='ltr'>snb</span> <span class='ocrx_word' id='word_1_250' title='bbox 985 3826 1091 3899; x_wconf 83' lang='lat' dir='ltr'>regibus</span> <span class='ocrx_word' id='word_1_251' title='bbox 1108 3827 1219 3900; x_wconf 86' lang='lat' dir='ltr'>scriptos</span> <span class='ocrx_word' id='word_1_252' title='bbox 1227 3845 1311 3883; x_wconf 80' lang='lat' dir='ltr'>esser.</span> <span class='ocrx_word' id='word_1_253' title='bbox 1329 3826 1392 3881; x_wconf 92' lang='lat' dir='ltr'>Non</span> 
     </span>
     <span class='ocr_line' id='line_1_30' title="bbox 240 3925 1392 3998; baseline -0.002 -16"><span class='ocrx_word' id='word_1_254' title='bbox 240 3928 328 3982; x_wconf 85' lang='lat' dir='ltr'>exstat</span> <span class='ocrx_word' id='word_1_255' title='bbox 349 3943 424 3994; x_wconf 88' lang='lat' dir='ltr'>sane,</span> <span class='ocrx_word' id='word_1_256' title='bbox 450 3925 473 3981; x_wconf 90' lang='lat' dir='ltr'>si</span> <span class='ocrx_word' id='word_1_257' title='bbox 493 3929 615 3998; x_wconf 84' lang='lat' dir='ltr'>suspecta</span> <span class='ocrx_word' id='word_1_258' title='bbox 638 3926 674 3982; x_wconf 85' lang='lat' dir='ltr'>sit</span> <span class='ocrx_word' id='word_1_259' title='bbox 687 3927 819 3983; x_wconf 77' lang='lat' dir='ltr'>Ciceronis</span> <span class='ocrx_word' id='word_1_260' title='bbox 838 3925 918 3993; x_wconf 88' lang='lat' dir='ltr'>fides,</span> <span class='ocrx_word' id='word_1_261' title='bbox 933 3925 1008 3982; x_wconf 87' lang='lat' dir='ltr'>euius</span> <span class='ocrx_word' id='word_1_262' title='bbox 1030 3925 1069 3982; x_wconf 87' lang='lat' dir='ltr'>rei</span> <span class='ocrx_word' id='word_1_263' title='bbox 1092 3925 1157 3982; x_wconf 90' lang='lat' dir='ltr'>mihi</span> <span class='ocrx_word' id='word_1_264' title='bbox 1179 3925 1284 3997; x_wconf 90' lang='lat' dir='ltr'>quidem</span> <span class='ocrx_word' id='word_1_265' title='bbox 1298 3925 1392 3980; x_wconf 84' lang='lat' dir='ltr'>idonea</span> 
     </span>
     <span class='ocr_line' id='line_1_31' title="bbox 240 4024 1391 4099; baseline -0.003 -17"><span class='ocrx_word' id='word_1_266' title='bbox 240 4042 319 4082; x_wconf 85' lang='lat' dir='ltr'>causa</span> <span class='ocrx_word' id='word_1_267' title='bbox 332 4043 386 4080; x_wconf 92' lang='lat' dir='ltr'>non</span> <span class='ocrx_word' id='word_1_268' title='bbox 402 4025 525 4099; x_wconf 88' lang='lat' dir='ltr'>suppetit.</span> <span class='ocrx_word' id='word_1_269' title='bbox 542 4025 630 4098; x_wconf 82' lang='lat' dir='ltr'>Magis</span> <span class='ocrx_word' id='word_1_270' title='bbox 647 4025 681 4081; x_wconf 90' lang='lat' dir='ltr'>ad</span> <span class='ocrx_word' id='word_1_271' title='bbox 694 4044 778 4082; x_wconf 88' lang='lat' dir='ltr'>meam</span> <span class='ocrx_word' id='word_1_272' title='bbox 794 4024 952 4081; x_wconf 81' lang='lat' dir='ltr'>sententiam</span> <span class='ocrx_word' id='word_1_273' title='bbox 969 4025 1070 4081; x_wconf 85' lang='lat' dir='ltr'>accedit</span> <span class='ocrx_word' id='word_1_274' title='bbox 1087 4024 1254 4092; x_wconf 80' lang='lat' dir='ltr'>Gerlachius,</span> <span class='ocrx_word' id='word_1_275' title='bbox 1271 4043 1325 4079; x_wconf 90' lang='lat' dir='ltr'>von</span> <span class='ocrx_word' id='word_1_276' title='bbox 1340 4024 1391 4079; x_wconf 88' lang='lat' dir='ltr'>den</span> 
     </span>
     <span class='ocr_line' id='line_1_32' title="bbox 240 4110 1388 4198; baseline -0.003 -18"><span class='ocrx_word' id='word_1_277' title='bbox 240 4122 326 4194; x_wconf 76' lang='lat' dir='ltr'>Quell.</span> <span class='ocrx_word' id='word_1_278' title='bbox 343 4123 368 4180; x_wconf 90' lang='lat' dir='ltr'>d.</span> <span class='ocrx_word' id='word_1_279' title='bbox 386 4121 432 4180; x_wconf 77' lang='lat' dir='ltr'>stt.</span> <span class='ocrx_word' id='word_1_280' title='bbox 449 4123 527 4180; x_wconf 72' lang='lat' dir='ltr'>Rom.</span> <span class='ocrx_word' id='word_1_281' title='bbox 546 4125 638 4180; x_wconf 86' lang='lat' dir='ltr'>Gesch.</span> <span class='ocrx_word' id='word_1_282' title='bbox 655 4141 682 4198; x_wconf 91' lang='lat' dir='ltr'>p.</span> <span class='ocrx_word' id='word_1_283' title='bbox 700 4127 727 4179; x_wconf 87' lang='lat'>5:</span> <span class='ocrx_word' id='word_1_284' title='bbox 748 4123 856 4183; x_wconf 69' lang='lat' dir='ltr'>rWenn</span> <span class='ocrx_word' id='word_1_285' title='bbox 871 4110 1388 4179; x_wconf 82' lang='lat' dir='ltr'>wirinderStelleOlcero’sdieWorte:</span> 
     </span>
     <span class='ocr_line' id='line_1_33' title="bbox 239 4221 1390 4295; baseline -0.002 -17"><span class='ocrx_word' id='word_1_286' title='bbox 239 4225 272 4278; x_wconf 82' lang='lat' dir='ltr'>ab</span> <span class='ocrx_word' id='word_1_287' title='bbox 290 4225 362 4278; x_wconf 81' lang='lat' dir='ltr'>initio</span> <span class='ocrx_word' id='word_1_288' title='bbox 379 4241 459 4278; x_wconf 77' lang='lat' dir='ltr'>ream</span> <span class='ocrx_word' id='word_1_289' title='bbox 476 4224 645 4279; x_wconf 77' lang='lat' dir='ltr'>Romanorum</span> <span class='ocrx_word' id='word_1_290' title='bbox 662 4241 721 4278; x_wconf 84' lang='lat' dir='ltr'>cum</span> <span class='ocrx_word' id='word_1_291' title='bbox 737 4221 849 4295; x_wconf 84' lang='lat' dir='ltr'>Objecte</span> <span class='ocrx_word' id='word_1_292' title='bbox 865 4222 970 4290; x_wconf 88' lang='lat' dir='ltr'>aiehen,</span> <span class='ocrx_word' id='word_1_293' title='bbox 987 4240 1016 4277; x_wconf 92' lang='lat' dir='ltr'>so</span> <span class='ocrx_word' id='word_1_294' title='bbox 1033 4221 1098 4278; x_wconf 82' lang='lat' dir='ltr'>wird</span> <span class='ocrx_word' id='word_1_295' title='bbox 1114 4222 1188 4284; x_wconf 86' lang='lat' dir='ltr'>nicht</span> <span class='ocrx_word' id='word_1_296' title='bbox 1205 4222 1332 4295; x_wconf 83' lang='lat' dir='ltr'>ger&#39;adezu</span> <span class='ocrx_word' id='word_1_297' title='bbox 1348 4222 1390 4277; x_wconf 88' lang='lat' dir='ltr'>die</span> 
     </span>
     <span class='ocr_line' id='line_1_34' title="bbox 239 4320 1389 4395; baseline -0.003 -17"><span class='ocrx_word' id='word_1_298' title='bbox 239 4321 392 4395; x_wconf 79' lang='lat' dir='ltr'>bbfassung</span> <span class='ocrx_word' id='word_1_299' title='bbox 414 4321 459 4378; x_wconf 85' lang='lat' dir='ltr'>der</span> <span class='ocrx_word' id='word_1_300' title='bbox 482 4323 603 4378; x_wconf 87' lang='lat' dir='ltr'>Annalen</span> <span class='ocrx_word' id='word_1_301' title='bbox 626 4321 791 4394; x_wconf 82' lang='lat' dir='ltr'>gleichzeitig</span> <span class='ocrx_word' id='word_1_302' title='bbox 813 4321 862 4376; x_wconf 91' lang='lat' dir='ltr'>mit</span> <span class='ocrx_word' id='word_1_303' title='bbox 876 4321 922 4376; x_wconf 87' lang='lat' dir='ltr'>der</span> <span class='ocrx_word' id='word_1_304' title='bbox 938 4320 1083 4392; x_wconf 83' lang='lat' dir='ltr'>Griindung</span> <span class='ocrx_word' id='word_1_305' title='bbox 1100 4324 1215 4392; x_wconf 56' lang='lat' dir='ltr'>gerent„</span> <span class='ocrx_word' id='word_1_306' title='bbox 1231 4321 1287 4376; x_wconf 89' lang='lat' dir='ltr'>und</span> <span class='ocrx_word' id='word_1_307' title='bbox 1303 4340 1330 4376; x_wconf 91' lang='lat' dir='ltr'>es</span> <span class='ocrx_word' id='word_1_308' title='bbox 1345 4320 1389 4375; x_wconf 84' lang='lat' dir='ltr'>he-</span> 
     </span>
     <span class='ocr_line' id='line_1_35' title="bbox 239 4418 1391 4490; baseline -0.001 -16"><span class='ocrx_word' id='word_1_309' title='bbox 239 4419 309 4475; x_wconf 84' lang='lat' dir='ltr'>aiebt</span> <span class='ocrx_word' id='word_1_310' title='bbox 331 4419 386 4475; x_wconf 90' lang='lat' dir='ltr'>sich</span> <span class='ocrx_word' id='word_1_311' title='bbox 410 4419 482 4474; x_wconf 88' lang='lat' dir='ltr'>mehr</span> <span class='ocrx_word' id='word_1_312' title='bbox 507 4419 554 4474; x_wconf 80' lang='lat' dir='ltr'>auf</span> <span class='ocrx_word' id='word_1_313' title='bbox 578 4418 629 4475; x_wconf 87' lang='lat' dir='ltr'>den</span> <span class='ocrx_word' id='word_1_314' title='bbox 645 4419 752 4490; x_wconf 85' lang='lat' dir='ltr'>Inbalt3</span> <span class='ocrx_word' id='word_1_315' title='bbox 770 4420 820 4477; x_wconf 85' lang='lat' dir='ltr'>wie</span> <span class='ocrx_word' id='word_1_316' title='bbox 836 4420 905 4476; x_wconf 90' lang='lat' dir='ltr'>denn</span> <span class='ocrx_word' id='word_1_317' title='bbox 922 4420 990 4476; x_wconf 86' lang='lat' dir='ltr'>auch</span> <span class='ocrx_word' id='word_1_318' title='bbox 1007 4438 1042 4475; x_wconf 88' lang='lat' dir='ltr'>an</span> <span class='ocrx_word' id='word_1_319' title='bbox 1058 4419 1113 4474; x_wconf 86' lang='lat' dir='ltr'>und</span> <span class='ocrx_word' id='word_1_320' title='bbox 1128 4420 1172 4475; x_wconf 84' lang='lat' dir='ltr'>fiir</span> <span class='ocrx_word' id='word_1_321' title='bbox 1189 4419 1245 4476; x_wconf 92' lang='lat' dir='ltr'>sich</span> <span class='ocrx_word' id='word_1_322' title='bbox 1262 4419 1304 4474; x_wconf 91' lang='lat' dir='ltr'>die</span> <span class='ocrx_word' id='word_1_323' title='bbox 1320 4418 1391 4474; x_wconf 83' lang='lat' dir='ltr'>Aus-</span> 
     </span>
     <span class='ocr_line' id='line_1_36' title="bbox 238 4516 1394 4592; baseline 0 -18"><span class='ocrx_word' id='word_1_324' title='bbox 238 4516 410 4574; x_wconf 84' lang='lat' dir='ltr'>druoksweise</span> <span class='ocrx_word' id='word_1_325' title='bbox 431 4517 505 4573; x_wconf 90' lang='lat' dir='ltr'>nicht</span> <span class='ocrx_word' id='word_1_326' title='bbox 526 4517 680 4574; x_wconf 84' lang='lat' dir='ltr'>haarsobarl</span> <span class='ocrx_word' id='word_1_327' title='bbox 701 4536 855 4592; x_wconf 85' lang='lat' dir='ltr'>genommen</span> <span class='ocrx_word' id='word_1_328' title='bbox 875 4518 979 4576; x_wconf 83' lang='lat' dir='ltr'>werden</span> <span class='ocrx_word' id='word_1_329' title='bbox 1001 4536 1102 4575; x_wconf 72' lang='lat' dir='ltr'>merser.</span> <span class='ocrx_word' id='word_1_330' title='bbox 1125 4518 1176 4575; x_wconf 84' lang='lat' dir='ltr'>Sed</span> <span class='ocrx_word' id='word_1_331' title='bbox 1195 4517 1229 4575; x_wconf 89' lang='lat' dir='ltr'>cf.</span> <span class='ocrx_word' id='word_1_332' title='bbox 1251 4516 1279 4573; x_wconf 90' lang='lat' dir='ltr'>in</span> <span class='ocrx_word' id='word_1_333' title='bbox 1301 4517 1394 4590; x_wconf 88' lang='lat' dir='ltr'>primis</span> 
     </span>
     <span class='ocr_line' id='line_1_37' title="bbox 237 4612 637 4693; baseline -0.003 -17"><span class='ocrx_word' id='word_1_334' title='bbox 237 4612 383 4676; x_wconf 70' lang='lat' dir='ltr'>laudandus</span> <span class='ocrx_word' id='word_1_335' title='bbox 399 4618 489 4693; x_wconf 86' lang='lat' dir='ltr'>statim</span> <span class='ocrx_word' id='word_1_336' title='bbox 506 4617 637 4675; x_wconf 84' lang='lat' dir='ltr'>Klotaius.</span> 
     </span>
    </p>
   </div>
   <div class='ocr_carea' id='block_1_7' title="bbox 0 0 1580 5275">
    <p class='ocr_par' dir='ltr' id='par_1_7' title="bbox 0 0 1580 5275">
     <span class='ocr_line' id='line_1_38' title="bbox 0 0 1580 5275; baseline 0 1"><span class='ocrx_word' id='word_1_337' title='bbox 0 0 1580 5275; x_wconf 95' lang='lat' dir='ltr'> </span> 
     </span>
    </p>
   </div>
  </div>
 </body>
</html>
