<?xml version="1.0" encoding="UTF-8"?>
<!DOCTYPE html PUBLIC "-//W3C//DTD XHTML 1.0 Transitional//EN"
    "http://www.w3.org/TR/xhtml1/DTD/xhtml1-transitional.dtd">
<html xmlns="http://www.w3.org/1999/xhtml" xml:lang="en" lang="en">
 <head>
  <title>
</title>
<meta http-equiv="Content-Type" content="text/html;charset=utf-8" />
  <meta name='ocr-system' content='tesseract 3.04.00' />
  <meta name='ocr-capabilities' content='ocr_page ocr_carea ocr_par ocr_line ocrx_word'/>
</head>
<body>
  <div class='ocr_page' id='page_1' title='image "./disputatiocriti00hullgoog_0073.png"; bbox 0 0 3150 5275; ppageno 0'>
   <div class='ocr_carea' id='block_1_1' title="bbox 739 442 776 504">
    <p class='ocr_par' dir='ltr' id='par_1_1' title="bbox 739 442 776 504">
     <span class='ocr_line' id='line_1_1' title="bbox 739 442 776 504; baseline -0.081 0"><span class='ocrx_word' id='word_1_1' title='bbox 739 442 776 504; x_wconf 83' lang='lat'><strong>61</strong></span> 
     </span>
    </p>
   </div>
   <div class='ocr_carea' id='block_1_2' title="bbox 184 636 1341 3124">
    <p class='ocr_par' dir='ltr' id='par_1_2' title="bbox 184 636 1341 2793">
     <span class='ocr_line' id='line_1_2' title="bbox 184 636 1338 729; baseline 0.003 -23"><span class='ocrx_word' id='word_1_2' title='bbox 184 642 316 729; x_wconf 89' lang='lat' dir='ltr'><strong>potuerit</strong></span> <span class='ocrx_word' id='word_1_3' title='bbox 336 638 373 703; x_wconf 92' lang='lat' dir='ltr'><strong>ad</strong></span> <span class='ocrx_word' id='word_1_4' title='bbox 388 639 625 704; x_wconf 86' lang='lat' dir='ltr'><strong>¹commentarios</strong></span> <span class='ocrx_word' id='word_1_5' title='bbox 648 636 806 704; x_wconf 90' lang='lat' dir='ltr'><strong>historicos</strong></span> <span class='ocrx_word' id='word_1_6' title='bbox 831 641 878 705; x_wconf 81' lang='lat' dir='ltr'><strong>rel</strong></span> <span class='ocrx_word' id='word_1_7' title='bbox 899 641 932 704; x_wconf 92' lang='lat' dir='ltr'><strong>in</strong></span> <span class='ocrx_word' id='word_1_8' title='bbox 953 651 1075 728; x_wconf 89' lang='lat' dir='ltr'><strong>tempus</strong></span> <span class='ocrx_word' id='word_1_9' title='bbox 1097 643 1338 729; x_wconf 85' lang='lat' dir='ltr'><strong>supprimendus.</strong></span> 
     </span>
     <span class='ocr_line' id='line_1_3' title="bbox 184 753 1338 843; baseline 0.003 -23"><span class='ocrx_word' id='word_1_10' title='bbox 184 759 247 843; x_wconf 87' lang='lat' dir='ltr'><strong>Ego</strong></span> <span class='ocrx_word' id='word_1_11' title='bbox 278 756 404 842; x_wconf 83' lang='lat' dir='ltr'>exquiro</span> <span class='ocrx_word' id='word_1_12' title='bbox 439 755 566 818; x_wconf 90' lang='lat' dir='ltr'><strong>nullam.</strong></span> <span class='ocrx_word' id='word_1_13' title='bbox 600 754 666 817; x_wconf 93' lang='lat' dir='ltr'><strong>Imo</strong></span> <span class='ocrx_word' id='word_1_14' title='bbox 698 753 846 818; x_wconf 90' lang='lat' dir='ltr'><strong>damnum</strong></span> <span class='ocrx_word' id='word_1_15' title='bbox 877 757 979 840; x_wconf 91' lang='lat' dir='ltr'><strong>ipsum</strong></span> <span class='ocrx_word' id='word_1_16' title='bbox 1001 758 1071 820; x_wconf 89' lang='lat' dir='ltr'><strong>satis</strong></span> <span class='ocrx_word' id='word_1_17' title='bbox 1094 770 1138 822; x_wconf 89' lang='lat' dir='ltr'><strong>est</strong></span> <span class='ocrx_word' id='word_1_18' title='bbox 1160 758 1338 843; x_wconf 83' lang='lat' dir='ltr'>probabile,</span> 
     </span>
     <span class='ocr_line' id='line_1_4' title="bbox 184 866 1339 957; baseline 0.002 -22"><span class='ocrx_word' id='word_1_19' title='bbox 184 882 330 957; x_wconf 89' lang='lat' dir='ltr'><strong>tantoque</strong></span> <span class='ocrx_word' id='word_1_20' title='bbox 360 869 476 954; x_wconf 78' lang='lat' dir='ltr'><strong>magia,</strong></span> <span class='ocrx_word' id='word_1_21' title='bbox 511 866 593 954; x_wconf 91' lang='lat' dir='ltr'><strong>quod</strong></span> <span class='ocrx_word' id='word_1_22' title='bbox 627 890 666 931; x_wconf 93' lang='lat' dir='ltr'><strong>ue</strong></span> <span class='ocrx_word' id='word_1_23' title='bbox 697 880 798 934; x_wconf 91' lang='lat' dir='ltr'><strong>custos</strong></span> <span class='ocrx_word' id='word_1_24' title='bbox 819 868 944 956; x_wconf 91' lang='lat' dir='ltr'><strong>quidem</strong></span> <span class='ocrx_word' id='word_1_25' title='bbox 967 873 1275 950; x_wconf 80' lang='lat' dir='ltr'><strong>commentariorum,</strong></span> <span class='ocrx_word' id='word_1_26' title='bbox 1298 875 1339 937; x_wconf 86' lang='lat' dir='ltr'><strong>ll.</strong></span> 
     </span>
     <span class='ocr_line' id='line_1_5' title="bbox 187 981 1341 1072; baseline 0.002 -24"><span class='ocrx_word' id='word_1_27' title='bbox 187 983 315 1061; x_wconf 87' lang='lat' dir='ltr'>Fabius,</span> <span class='ocrx_word' id='word_1_28' title='bbox 351 981 492 1067; x_wconf 91' lang='lat' dir='ltr'><strong>quitum</strong></span> <span class='ocrx_word' id='word_1_29' title='bbox 515 981 731 1047; x_wconf 77' lang='lat' dir='ltr'><strong>deserentibus</strong></span> <span class='ocrx_word' id='word_1_30' title='bbox 753 1006 784 1047; x_wconf 88' lang='lat' dir='ltr'><strong>se</strong></span> <span class='ocrx_word' id='word_1_31' title='bbox 808 1006 862 1068; x_wconf 91' lang='lat' dir='ltr'><strong>pro</strong></span> <span class='ocrx_word' id='word_1_32' title='bbox 886 986 980 1068; x_wconf 91' lang='lat' dir='ltr'><strong>patria</strong></span> <span class='ocrx_word' id='word_1_33' title='bbox 1013 985 1245 1072; x_wconf 72' lang='lat' dir='ltr'><strong>Quiritibusque</strong></span> <span class='ocrx_word' id='word_1_34' title='bbox 1277 988 1341 1050; x_wconf 88' lang='lat' dir='ltr'><strong>Ro·</strong></span> 
     </span>
     <span class='ocr_line' id='line_1_6' title="bbox 187 1094 1340 1180; baseline 0.003 -20"><span class='ocrx_word' id='word_1_35' title='bbox 187 1098 284 1160; x_wconf 83' lang='lat' dir='ltr'><strong>manis</strong></span> <span class='ocrx_word' id='word_1_36' title='bbox 311 1094 401 1159; x_wconf 80' lang='lat' dir='ltr'><strong>verba</strong></span> <span class='ocrx_word' id='word_1_37' title='bbox 432 1095 562 1180; x_wconf 80' lang='lat' dir='ltr'><strong>praeisse</strong></span> <span class='ocrx_word' id='word_1_38' title='bbox 591 1095 706 1176; x_wconf 84' lang='lat' dir='ltr'><strong>fertur,</strong></span> <span class='ocrx_word' id='word_1_39' title='bbox 736 1107 852 1161; x_wconf 88' lang='lat' dir='ltr'><strong>constat</strong></span> <span class='ocrx_word' id='word_1_40' title='bbox 874 1098 1011 1162; x_wconf 76' lang='lat' dir='ltr'><strong>salvusne</strong></span> <span class='ocrx_word' id='word_1_41' title='bbox 1034 1099 1125 1163; x_wconf 84' lang='lat' dir='ltr'><strong>luerit</strong></span> <span class='ocrx_word' id='word_1_42' title='bbox 1145 1122 1184 1163; x_wconf 91' lang='lat' dir='ltr'><strong>an</strong></span> <span class='ocrx_word' id='word_1_43' title='bbox 1204 1124 1223 1165; x_wconf 92' lang='lat' dir='ltr'><strong>a</strong></span> <span class='ocrx_word' id='word_1_44' title='bbox 1244 1100 1340 1165; x_wconf 88' lang='lat' dir='ltr'><strong>Gallis</strong></span> 
     </span>
     <span class='ocr_line' id='line_1_7' title="bbox 186 1209 1339 1302; baseline 0.003 -25"><span class='ocrx_word' id='word_1_45' title='bbox 186 1214 319 1300; x_wconf 89' lang='lat' dir='ltr'><strong>perierit.</strong></span> <span class='ocrx_word' id='word_1_46' title='bbox 351 1209 411 1275; x_wconf 87' lang='lat' dir='ltr'><strong>Sed</strong></span> <span class='ocrx_word' id='word_1_47' title='bbox 440 1210 478 1274; x_wconf 89' lang='lat' dir='ltr'><strong>de</strong></span> <span class='ocrx_word' id='word_1_48' title='bbox 508 1209 555 1274; x_wconf 89' lang='lat' dir='ltr'><strong>his</strong></span> <span class='ocrx_word' id='word_1_49' title='bbox 585 1212 701 1275; x_wconf 86' lang='lat' dir='ltr'><strong>affatim</strong></span> <span class='ocrx_word' id='word_1_50' title='bbox 723 1212 853 1278; x_wconf 91' lang='lat' dir='ltr'><strong>dictum.</strong></span> <span class='ocrx_word' id='word_1_51' title='bbox 876 1214 1008 1277; x_wconf 88' lang='lat' dir='ltr'><strong>Tantum</strong></span> <span class='ocrx_word' id='word_1_52' title='bbox 1029 1236 1064 1278; x_wconf 85' lang='lat' dir='ltr'><strong>ex</strong></span> <span class='ocrx_word' id='word_1_53' title='bbox 1087 1215 1170 1280; x_wconf 82' lang='lat' dir='ltr'><strong>Livio</strong></span> <span class='ocrx_word' id='word_1_54' title='bbox 1190 1217 1256 1302; x_wconf 88' lang='lat' dir='ltr'><strong>ipso</strong></span> <span class='ocrx_word' id='word_1_55' title='bbox 1273 1217 1339 1281; x_wconf 84' lang='lat' dir='ltr'><strong>effi·</strong></span> 
     </span>
     <span class='ocr_line' id='line_1_8' title="bbox 186 1326 1340 1413; baseline 0.003 -23"><span class='ocrx_word' id='word_1_56' title='bbox 186 1328 300 1405; x_wconf 87' lang='lat' dir='ltr'><strong>cimus,</strong></span> <span class='ocrx_word' id='word_1_57' title='bbox 335 1335 454 1411; x_wconf 86' lang='lat' dir='ltr'><strong>praeter</strong></span> <span class='ocrx_word' id='word_1_58' title='bbox 486 1347 522 1388; x_wconf 93' lang='lat' dir='ltr'><strong>ea</strong></span> <span class='ocrx_word' id='word_1_59' title='bbox 556 1336 774 1405; x_wconf 86' lang='lat' dir='ltr'><strong>monumenta,</strong></span> <span class='ocrx_word' id='word_1_60' title='bbox 798 1327 911 1413; x_wconf 88' lang='lat' dir='ltr'><strong>quibus</strong></span> <span class='ocrx_word' id='word_1_61' title='bbox 932 1338 986 1390; x_wconf 88' lang='lat' dir='ltr'><strong>aut</strong></span> <span class='ocrx_word' id='word_1_62' title='bbox 1008 1326 1086 1408; x_wconf 87' lang='lat' dir='ltr'><strong>ignis</strong></span> <span class='ocrx_word' id='word_1_63' title='bbox 1108 1339 1162 1391; x_wconf 88' lang='lat' dir='ltr'><strong>aut</strong></span> <span class='ocrx_word' id='word_1_64' title='bbox 1181 1327 1340 1393; x_wconf 85' lang='lat' dir='ltr'><strong>Gallomm</strong></span> 
     </span>
     <span class='ocr_line' id='line_1_9' title="bbox 185 1439 1339 1529; baseline 0.003 -24"><span class='ocrx_word' id='word_1_65' title='bbox 185 1441 307 1505; x_wconf 83' lang='lat' dir='ltr'><strong>saevitia</strong></span> <span class='ocrx_word' id='word_1_66' title='bbox 319 1451 371 1504; x_wconf 91' lang='lat' dir='ltr'><strong>aut</strong></span> <span class='ocrx_word' id='word_1_67' title='bbox 383 1439 458 1527; x_wconf 93' lang='lat' dir='ltr'><strong>quid</strong></span> <span class='ocrx_word' id='word_1_68' title='bbox 471 1442 625 1526; x_wconf 81' lang='lat' dir='ltr'><strong>pepercit,</strong></span> <span class='ocrx_word' id='word_1_69' title='bbox 649 1442 747 1505; x_wconf 90' lang='lat' dir='ltr'><strong>multa</strong></span> <span class='ocrx_word' id='word_1_70' title='bbox 761 1442 872 1505; x_wconf 84' lang='lat' dir='ltr'><strong>servari</strong></span> <span class='ocrx_word' id='word_1_71' title='bbox 896 1442 1038 1527; x_wconf 85' lang='lat' dir='ltr'><strong>potuisse.</strong></span> <span class='ocrx_word' id='word_1_72' title='bbox 1056 1443 1125 1507; x_wconf 81' lang='lat' dir='ltr'><strong>llsse</strong></span> <span class='ocrx_word' id='word_1_73' title='bbox 1136 1454 1238 1507; x_wconf 88' lang='lat' dir='ltr'><strong>autem</strong></span> <span class='ocrx_word' id='word_1_74' title='bbox 1251 1446 1339 1529; x_wconf 91' lang='lat' dir='ltr'><strong>plura</strong></span> 
     </span>
     <span class='ocr_line' id='line_1_10' title="bbox 185 1554 1340 1645; baseline 0.002 -24"><span class='ocrx_word' id='word_1_75' title='bbox 185 1569 319 1634; x_wconf 87' lang='lat' dir='ltr'><strong>servata,</strong></span> <span class='ocrx_word' id='word_1_76' title='bbox 352 1578 445 1644; x_wconf 91' lang='lat' dir='ltr'><strong>quam</strong></span> <span class='ocrx_word' id='word_1_77' title='bbox 473 1556 599 1619; x_wconf 78' lang='lat' dir='ltr'><strong>Liuiano</strong></span> <span class='ocrx_word' id='word_1_78' title='bbox 626 1554 775 1641; x_wconf 80' lang='lat' dir='ltr'><strong>pleraque</strong></span> <span class='ocrx_word' id='word_1_79' title='bbox 805 1568 1043 1621; x_wconf 86' lang='lat' dir='ltr'><strong>cousentaneum</strong></span> <span class='ocrx_word' id='word_1_80' title='bbox 1072 1558 1110 1621; x_wconf 89' lang='lat' dir='ltr'><strong>sit</strong></span> <span class='ocrx_word' id='word_1_81' title='bbox 1141 1557 1207 1645; x_wconf 90' lang='lat' dir='ltr'><strong>(l),</strong></span> <span class='ocrx_word' id='word_1_82' title='bbox 1230 1561 1340 1623; x_wconf 92' lang='lat' dir='ltr'><strong>merito</strong></span> 
     </span>
     <span class='ocr_line' id='line_1_11' title="bbox 187 1669 1338 1757; baseline 0.002 -21"><span class='ocrx_word' id='word_1_83' title='bbox 187 1694 291 1736; x_wconf 91' lang='lat' dir='ltr'><strong>omnes</strong></span> <span class='ocrx_word' id='word_1_84' title='bbox 313 1674 516 1737; x_wconf 88' lang='lat' dir='ltr'><strong>consentiunt.</strong></span> <span class='ocrx_word' id='word_1_85' title='bbox 539 1670 630 1753; x_wconf 88' lang='lat' dir='ltr'><strong>Quod</strong></span> <span class='ocrx_word' id='word_1_86' title='bbox 652 1669 786 1757; x_wconf 89' lang='lat' dir='ltr'><strong>denique</strong></span> <span class='ocrx_word' id='word_1_87' title='bbox 806 1670 886 1736; x_wconf 91' lang='lat' dir='ltr'><strong>hanc</strong></span> <span class='ocrx_word' id='word_1_88' title='bbox 909 1693 1012 1737; x_wconf 87' lang='lat' dir='ltr'><strong>vocem</strong></span> <span class='ocrx_word' id='word_1_89' title='bbox 1036 1674 1149 1757; x_wconf 89' lang='lat' dir='ltr'><strong>pariter</strong></span> <span class='ocrx_word' id='word_1_90' title='bbox 1162 1673 1199 1736; x_wconf 90' lang='lat' dir='ltr'><strong>ad</strong></span> <span class='ocrx_word' id='word_1_91' title='bbox 1219 1674 1338 1739; x_wconf 90' lang='lat' dir='ltr'><strong>tabula·</strong></span> 
     </span>
     <span class='ocr_line' id='line_1_12' title="bbox 186 1781 1337 1872; baseline 0.001 -21"><span class='ocrx_word' id='word_1_92' title='bbox 186 1790 266 1851; x_wconf 90' lang='lat' dir='ltr'><strong>rium</strong></span> <span class='ocrx_word' id='word_1_93' title='bbox 288 1787 473 1852; x_wconf 88' lang='lat' dir='ltr'><strong>Pontificum</strong></span> <span class='ocrx_word' id='word_1_94' title='bbox 493 1785 609 1861; x_wconf 86' lang='lat' dir='ltr'><strong>resero,</strong></span> <span class='ocrx_word' id='word_1_95' title='bbox 630 1781 689 1847; x_wconf 91' lang='lat' dir='ltr'><strong>hac</strong></span> <span class='ocrx_word' id='word_1_96' title='bbox 708 1805 833 1870; x_wconf 91' lang='lat' dir='ltr'><strong>quoque</strong></span> <span class='ocrx_word' id='word_1_97' title='bbox 852 1787 884 1849; x_wconf 90' lang='lat' dir='ltr'><strong>in</strong></span> <span class='ocrx_word' id='word_1_98' title='bbox 903 1808 935 1849; x_wconf 92' lang='lat' dir='ltr'><strong>re</strong></span> <span class='ocrx_word' id='word_1_99' title='bbox 954 1808 973 1850; x_wconf 91' lang='lat' dir='ltr'><strong>a</strong></span> <span class='ocrx_word' id='word_1_100' title='bbox 994 1787 1113 1872; x_wconf 84' lang='lat' dir='ltr'><strong>vulgari</strong></span> <span class='ocrx_word' id='word_1_101' title='bbox 1124 1809 1174 1850; x_wconf 90' lang='lat' dir='ltr'><strong>mc</strong></span> <span class='ocrx_word' id='word_1_102' title='bbox 1195 1786 1337 1852; x_wconf 85' lang='lat' dir='ltr'><strong>recedere</strong></span> 
     </span>
     <span class='ocr_line' id='line_1_13' title="bbox 187 1898 1338 1989; baseline 0.003 -23"><span class='ocrx_word' id='word_1_103' title='bbox 187 1903 335 1966; x_wconf 88' lang='lat' dir='ltr'><strong>sententia</strong></span> <span class='ocrx_word' id='word_1_104' title='bbox 365 1913 408 1965; x_wconf 91' lang='lat' dir='ltr'><strong>sat</strong></span> <span class='ocrx_word' id='word_1_105' title='bbox 430 1902 503 1967; x_wconf 86' lang='lat' dir='ltr'><strong>scio.</strong></span> <span class='ocrx_word' id='word_1_106' title='bbox 525 1898 647 1963; x_wconf 86' lang='lat' dir='ltr'><strong>Habent</strong></span> <span class='ocrx_word' id='word_1_107' title='bbox 671 1920 739 1961; x_wconf 82' lang='lat' dir='ltr'><strong>vero</strong></span> <span class='ocrx_word' id='word_1_108' title='bbox 761 1900 815 1984; x_wconf 91' lang='lat' dir='ltr'><strong>qui</strong></span> <span class='ocrx_word' id='word_1_109' title='bbox 838 1902 1042 1964; x_wconf 87' lang='lat' dir='ltr'><strong>testimonium</strong></span> <span class='ocrx_word' id='word_1_110' title='bbox 1066 1901 1143 1965; x_wconf 80' lang='lat' dir='ltr'><strong>Livii</strong></span> <span class='ocrx_word' id='word_1_111' title='bbox 1164 1903 1338 1989; x_wconf 88' lang='lat' dir='ltr'><strong>accipiunt,</strong></span> 
     </span>
     <span class='ocr_line' id='line_1_14' title="bbox 187 2010 1341 2102; baseline 0.003 -23"><span class='ocrx_word' id='word_1_112' title='bbox 187 2015 312 2102; x_wconf 88' lang='lat' dir='ltr'><strong>perinde</strong></span> <span class='ocrx_word' id='word_1_113' title='bbox 330 2036 366 2078; x_wconf 91' lang='lat' dir='ltr'><strong>ac</strong></span> <span class='ocrx_word' id='word_1_114' title='bbox 387 2015 412 2077; x_wconf 89' lang='lat' dir='ltr'><strong>si</strong></span> <span class='ocrx_word' id='word_1_115' title='bbox 432 2013 529 2077; x_wconf 90' lang='lat' dir='ltr'><strong>tradat</strong></span> <span class='ocrx_word' id='word_1_116' title='bbox 548 2012 600 2075; x_wconf 91' lang='lat' dir='ltr'><strong>ille</strong></span> <span class='ocrx_word' id='word_1_117' title='bbox 620 2011 660 2075; x_wconf 92' lang='lat' dir='ltr'><strong>de</strong></span> <span class='ocrx_word' id='word_1_118' title='bbox 682 2010 829 2077; x_wconf 86' lang='lat' dir='ltr'><strong>historicis</strong></span> <span class='ocrx_word' id='word_1_119' title='bbox 850 2017 1073 2079; x_wconf 90' lang='lat' dir='ltr'><strong>commentariis</strong></span> <span class='ocrx_word' id='word_1_120' title='bbox 1092 2015 1169 2081; x_wconf 91' lang='lat' dir='ltr'><strong>nihil</strong></span> <span class='ocrx_word' id='word_1_121' title='bbox 1189 2030 1341 2083; x_wconf 83' lang='lat' dir='ltr'><strong>servatum</strong></span> 
     </span>
     <span class='ocr_line' id='line_1_15' title="bbox 187 2127 1341 2216; baseline 0 -19"><span class='ocrx_word' id='word_1_122' title='bbox 187 2155 267 2211; x_wconf 90' lang='lat' dir='ltr'><strong>esse,</strong></span> <span class='ocrx_word' id='word_1_123' title='bbox 298 2128 498 2195; x_wconf 72' lang='lat' dir='ltr'><strong>Plutarchum</strong></span> <span class='ocrx_word' id='word_1_124' title='bbox 529 2127 588 2191; x_wconf 91' lang='lat' dir='ltr'><strong>sibi</strong></span> <span class='ocrx_word' id='word_1_125' title='bbox 619 2134 821 2212; x_wconf 67' lang='lat' dir='ltr'><strong>praeeuntem</strong></span> <span class='ocrx_word' id='word_1_126' title='bbox 850 2128 993 2215; x_wconf 91' lang='lat' dir='ltr'><strong>quidem,</strong></span> <span class='ocrx_word' id='word_1_127' title='bbox 1023 2130 1074 2193; x_wconf 91' lang='lat' dir='ltr'><strong>sed</strong></span> <span class='ocrx_word' id='word_1_128' title='bbox 1096 2141 1258 2216; x_wconf 87' lang='lat' dir='ltr'><strong>patronum</strong></span> <span class='ocrx_word' id='word_1_129' title='bbox 1279 2154 1341 2197; x_wconf 90' lang='lat' dir='ltr'><strong>nou</strong></span> 
     </span>
     <span class='ocr_line' id='line_1_16' title="bbox 186 2242 1341 2330; baseline 0 -19"><span class='ocrx_word' id='word_1_130' title='bbox 186 2246 322 2323; x_wconf 87' lang='lat' dir='ltr'><strong>hahent,</strong></span> <span class='ocrx_word' id='word_1_131' title='bbox 353 2244 410 2309; x_wconf 88' lang='lat' dir='ltr'><strong>uisi</strong></span> <span class='ocrx_word' id='word_1_132' title='bbox 440 2263 534 2330; x_wconf 90' lang='lat' dir='ltr'><strong>quem</strong></span> <span class='ocrx_word' id='word_1_133' title='bbox 561 2242 683 2305; x_wconf 83' lang='lat' dir='ltr'><strong>fortasse</strong></span> <span class='ocrx_word' id='word_1_134' title='bbox 712 2242 888 2307; x_wconf 80' lang='lat' dir='ltr'><strong>adversariis</strong></span> <span class='ocrx_word' id='word_1_135' title='bbox 920 2245 981 2308; x_wconf 86' lang='lat' dir='ltr'><strong>suis</strong></span> <span class='ocrx_word' id='word_1_136' title='bbox 1011 2245 1077 2310; x_wconf 90' lang='lat' dir='ltr'><strong>dari</strong></span> <span class='ocrx_word' id='word_1_137' title='bbox 1100 2246 1217 2313; x_wconf 83' lang='lat' dir='ltr'><strong>malint.</strong></span> <span class='ocrx_word' id='word_1_138' title='bbox 1239 2247 1341 2311; x_wconf 85' lang='lat' dir='ltr'><strong>Bonus</strong></span> 
     </span>
     <span class='ocr_line' id='line_1_17' title="bbox 187 2353 1340 2445; baseline -0.002 -21"><span class='ocrx_word' id='word_1_139' title='bbox 187 2362 220 2425; x_wconf 92' lang='lat' dir='ltr'><strong>in</strong></span> <span class='ocrx_word' id='word_1_140' title='bbox 248 2360 352 2423; x_wconf 92' lang='lat' dir='ltr'><strong>multis</strong></span> <span class='ocrx_word' id='word_1_141' title='bbox 381 2369 488 2422; x_wconf 89' lang='lat' dir='ltr'><strong>auctor</strong></span> <span class='ocrx_word' id='word_1_142' title='bbox 521 2353 720 2433; x_wconf 86' lang='lat' dir='ltr'><strong>Plutarchus,</strong></span> <span class='ocrx_word' id='word_1_143' title='bbox 744 2356 796 2419; x_wconf 90' lang='lat' dir='ltr'><strong>sed</strong></span> <span class='ocrx_word' id='word_1_144' title='bbox 820 2357 852 2420; x_wconf 92' lang='lat' dir='ltr'><strong>in</strong></span> <span class='ocrx_word' id='word_1_145' title='bbox 874 2357 987 2422; x_wconf 90' lang='lat' dir='ltr'><strong>Latinis</strong></span> <span class='ocrx_word' id='word_1_146' title='bbox 1009 2381 1071 2423; x_wconf 88' lang='lat' dir='ltr'><strong>non</strong></span> <span class='ocrx_word' id='word_1_147' title='bbox 1092 2361 1224 2445; x_wconf 90' lang='lat' dir='ltr'><strong>optimus</strong></span> <span class='ocrx_word' id='word_1_148' title='bbox 1244 2361 1340 2425; x_wconf 87' lang='lat' dir='ltr'><strong>iuter-</strong></span> 
     </span>
     <span class='ocr_line' id='line_1_18' title="bbox 187 2458 1338 2562; baseline 0.001 -23"><span class='ocrx_word' id='word_1_149' title='bbox 187 2498 264 2562; x_wconf 90' lang='lat' dir='ltr'><strong>pres.</strong></span> <span class='ocrx_word' id='word_1_150' title='bbox 294 2475 401 2559; x_wconf 89' lang='lat' dir='ltr'><strong>Neque</strong></span> <span class='ocrx_word' id='word_1_151' title='bbox 433 2458 591 2557; x_wconf 86' lang='lat' dir='ltr'><strong>intelligo,</strong></span> <span class='ocrx_word' id='word_1_152' title='bbox 624 2468 699 2555; x_wconf 92' lang='lat' dir='ltr'><strong>quid</strong></span> <span class='ocrx_word' id='word_1_153' title='bbox 730 2471 895 2554; x_wconf 87' lang='lat' dir='ltr'><strong>interprete</strong></span> <span class='ocrx_word' id='word_1_154' title='bbox 919 2472 1126 2560; x_wconf 87' lang='lat' dir='ltr'><strong>indigeamus,</strong></span> <span class='ocrx_word' id='word_1_155' title='bbox 1155 2475 1211 2539; x_wconf 93' lang='lat' dir='ltr'><strong>ubi</strong></span> <span class='ocrx_word' id='word_1_156' title='bbox 1231 2477 1338 2541; x_wconf 89' lang='lat' dir='ltr'><strong>nostris</strong></span> 
     </span>
     <span class='ocr_line' id='line_1_19' title="bbox 186 2585 1339 2676; baseline -0.001 -20"><span class='ocrx_word' id='word_1_157' title='bbox 186 2590 281 2656; x_wconf 90' lang='lat' dir='ltr'><strong>oculis</strong></span> <span class='ocrx_word' id='word_1_158' title='bbox 302 2589 447 2676; x_wconf 86' lang='lat' dir='ltr'><strong>legimus:</strong></span> <span class='ocrx_word' id='word_1_159' title='bbox 474 2608 580 2673; x_wconf 84' lang='lat' dir='ltr'><strong>«quae</strong></span> <span class='ocrx_word' id='word_1_160' title='bbox 601 2586 634 2649; x_wconf 93' lang='lat' dir='ltr'><strong>in</strong></span> <span class='ocrx_word' id='word_1_161' title='bbox 655 2586 881 2650; x_wconf 87' lang='lat' dir='ltr'><strong>commentariis</strong></span> <span class='ocrx_word' id='word_1_162' title='bbox 902 2585 1084 2653; x_wconf 87' lang='lat' dir='ltr'><strong>Pontificum</strong></span> <span class='ocrx_word' id='word_1_163' title='bbox 1105 2601 1272 2669; x_wconf 88' lang='lat' dir='ltr'><strong>-erant,</strong></span> <span class='ocrx_word' id='word_1_164' title='bbox 1296 2628 1339 2640; x_wconf 93' lang='lat'>—</span> 
     </span>
     <span class='ocr_line' id='line_1_20' title="bbox 186 2705 535 2793; baseline -0.011 -21"><span class='ocrx_word' id='word_1_165' title='bbox 186 2708 331 2793; x_wconf 89' lang='lat' dir='ltr'><strong>pleraque</strong></span> <span class='ocrx_word' id='word_1_166' title='bbox 354 2705 535 2769; x_wconf 88' lang='lat' dir='ltr'><strong>interiere».</strong></span> 
     </span>
    </p>

    <p class='ocr_par' dir='ltr' id='par_1_3' title="bbox 186 2799 1339 3124">
     <span class='ocr_line' id='line_1_21' title="bbox 228 2799 1339 2907; baseline -0.005 -21"><span class='ocrx_word' id='word_1_167' title='bbox 228 2824 280 2887; x_wconf 82' lang='lat' dir='ltr'><strong>Est</strong></span> <span class='ocrx_word' id='word_1_168' title='bbox 308 2799 421 2907; x_wconf 85' lang='lat' dir='ltr'><strong>igitur,</strong></span> <span class='ocrx_word' id='word_1_169' title='bbox 449 2839 546 2905; x_wconf 90' lang='lat' dir='ltr'><strong>quum</strong></span> <span class='ocrx_word' id='word_1_170' title='bbox 573 2815 701 2880; x_wconf 69' lang='lat' dir='ltr'><strong>attuatos</strong></span> <span class='ocrx_word' id='word_1_171' title='bbox 726 2814 861 2879; x_wconf 77' lang='lat' dir='ltr'><strong>maximi</strong></span> <span class='ocrx_word' id='word_1_172' title='bbox 889 2838 935 2879; x_wconf 90' lang='lat' dir='ltr'><strong>res</strong></span> <span class='ocrx_word' id='word_1_173' title='bbox 958 2819 1166 2881; x_wconf 88' lang='lat' dir='ltr'><strong>Romanorum</strong></span> <span class='ocrx_word' id='word_1_174' title='bbox 1189 2817 1229 2881; x_wconf 90' lang='lat' dir='ltr'><strong>ab</strong></span> <span class='ocrx_word' id='word_1_175' title='bbox 1251 2840 1339 2882; x_wconf 82' lang='lat' dir='ltr'><strong>exor-</strong></span> 
     </span>
     <span class='ocr_line' id='line_1_22' title="bbox 186 2929 1337 3022; baseline -0.005 -20"><span class='ocrx_word' id='word_1_176' title='bbox 186 2938 235 3002; x_wconf 92' lang='lat' dir='ltr'><strong>dio</strong></span> <span class='ocrx_word' id='word_1_177' title='bbox 258 2937 347 3002; x_wconf 89' lang='lat' dir='ltr'><strong>Urbis</strong></span> <span class='ocrx_word' id='word_1_178' title='bbox 375 2946 472 3022; x_wconf 87' lang='lat' dir='ltr'><strong>gestas</strong></span> <span class='ocrx_word' id='word_1_179' title='bbox 498 2933 709 3008; x_wconf 85' lang='lat' dir='ltr'><strong>continerent,</strong></span> <span class='ocrx_word' id='word_1_180' title='bbox 733 2929 885 3016; x_wconf 89' lang='lat' dir='ltr'><strong>quidquid</strong></span> <span class='ocrx_word' id='word_1_181' title='bbox 907 2929 944 2994; x_wconf 92' lang='lat' dir='ltr'><strong>de</strong></span> <span class='ocrx_word' id='word_1_182' title='bbox 972 2931 1196 2994; x_wconf 89' lang='lat' dir='ltr'><strong>commentariis</strong></span> <span class='ocrx_word' id='word_1_183' title='bbox 1217 2929 1337 2996; x_wconf 86' lang='lat' dir='ltr'><strong>histori-</strong></span> 
     </span>
     <span class='ocr_line' id='line_1_23' title="bbox 186 3047 1336 3124; baseline -0.005 -7"><span class='ocrx_word' id='word_1_184' title='bbox 186 3055 230 3117; x_wconf 87' lang='lat' dir='ltr'><strong>cis</strong></span> <span class='ocrx_word' id='word_1_185' title='bbox 251 3051 435 3118; x_wconf 86' lang='lat' dir='ltr'><strong>Pontificum</strong></span> <span class='ocrx_word' id='word_1_186' title='bbox 458 3051 593 3113; x_wconf 92' lang='lat' dir='ltr'><strong>tumultu</strong></span> <span class='ocrx_word' id='word_1_187' title='bbox 613 3049 730 3114; x_wconf 87' lang='lat' dir='ltr'><strong>Gallico</strong></span> <span class='ocrx_word' id='word_1_188' title='bbox 751 3049 924 3124; x_wconf 89' lang='lat' dir='ltr'><strong>interierat,</strong></span> <span class='ocrx_word' id='word_1_189' title='bbox 952 3069 989 3110; x_wconf 82' lang='lat' dir='ltr'><strong>ex</strong></span> <span class='ocrx_word' id='word_1_190' title='bbox 1011 3047 1133 3110; x_wconf 87' lang='lat' dir='ltr'><strong>serratis</strong></span> <span class='ocrx_word' id='word_1_191' title='bbox 1155 3067 1336 3111; x_wconf 91' lang='lat' dir='ltr'><strong>monumen-</strong></span> 
     </span>
    </p>
   </div>
   <div class='ocr_carea' id='block_1_3' title="bbox 187 3345 1341 3722">
    <p class='ocr_par' dir='ltr' id='par_1_4' title="bbox 187 3345 1341 3722">
     <span class='ocr_line' id='line_1_24' title="bbox 188 3345 1341 3422; baseline 0.001 -22"><span class='ocrx_word' id='word_1_192' title='bbox 188 3345 256 3401; x_wconf 90' lang='lat' dir='ltr'><strong>denn</strong></span> <span class='ocrx_word' id='word_1_193' title='bbox 279 3349 345 3403; x_wconf 85' lang='lat' dir='ltr'><strong>auch</strong></span> <span class='ocrx_word' id='word_1_194' title='bbox 368 3348 484 3406; x_wconf 87' lang='lat' dir='ltr'><strong>derselvc</strong></span> <span class='ocrx_word' id='word_1_195' title='bbox 501 3349 596 3406; x_wconf 88' lang='lat' dir='ltr'><strong>Livius</strong></span> <span class='ocrx_word' id='word_1_196' title='bbox 611 3350 701 3406; x_wconf 83' lang='lat' dir='ltr'><strong>weiter</strong></span> <span class='ocrx_word' id='word_1_197' title='bbox 719 3355 802 3404; x_wconf 85' lang='lat' dir='ltr'><strong>unteu</strong></span> <span class='ocrx_word' id='word_1_198' title='bbox 821 3349 846 3422; x_wconf 69' lang='lat' dir='ltr'><strong>(l</strong></span> <span class='ocrx_word' id='word_1_199' title='bbox 863 3350 908 3422; x_wconf 88' lang='grc'><strong>10)</strong></span> <span class='ocrx_word' id='word_1_200' title='bbox 927 3349 1033 3404; x_wconf 76' lang='lat' dir='ltr'><strong>emihlt.</strong></span> <span class='ocrx_word' id='word_1_201' title='bbox 1050 3380 1086 3390; x_wconf 91' lang='lat'><em>-</em></span> <span class='ocrx_word' id='word_1_202' title='bbox 1102 3348 1167 3404; x_wconf 86' lang='lat' dir='ltr'><strong>Also</strong></span> <span class='ocrx_word' id='word_1_203' title='bbox 1184 3347 1277 3403; x_wconf 84' lang='lat' dir='ltr'><strong>Idvius</strong></span> <span class='ocrx_word' id='word_1_204' title='bbox 1293 3347 1341 3401; x_wconf 81' lang='lat' dir='ltr'><strong>hat</strong></span> 
     </span>
     <span class='ocr_line' id='line_1_25' title="bbox 188 3444 1339 3522; baseline 0.003 -25"><span class='ocrx_word' id='word_1_205' title='bbox 188 3447 257 3498; x_wconf 77' lang='lat' dir='ltr'><strong>trote</strong></span> <span class='ocrx_word' id='word_1_206' title='bbox 273 3444 318 3500; x_wconf 88' lang='lat' dir='ltr'><strong>der</strong></span> <span class='ocrx_word' id='word_1_207' title='bbox 333 3448 518 3518; x_wconf 82' lang='lat' dir='ltr'><strong>grausenheite</strong></span> <span class='ocrx_word' id='word_1_208' title='bbox 536 3449 695 3522; x_wconf 80' lang='lat' dir='ltr'><strong>Zerstbrung</strong></span> <span class='ocrx_word' id='word_1_209' title='bbox 711 3449 786 3504; x_wconf 79' lang='lat' dir='ltr'><strong>nicht</strong></span> <span class='ocrx_word' id='word_1_210' title='bbox 802 3466 836 3503; x_wconf 88' lang='lat' dir='ltr'><strong>an</strong></span> <span class='ocrx_word' id='word_1_211' title='bbox 853 3447 899 3502; x_wconf 89' lang='lat' dir='ltr'><strong>der</strong></span> <span class='ocrx_word' id='word_1_212' title='bbox 915 3447 1091 3520; x_wconf 76' lang='lat' dir='ltr'><strong>Mdglichlreit</strong></span> <span class='ocrx_word' id='word_1_213' title='bbox 1099 3447 1171 3502; x_wconf 90' lang='lat' dir='ltr'><strong>einer</strong></span> <span class='ocrx_word' id='word_1_214' title='bbox 1178 3445 1339 3516; x_wconf 86' lang='lat' dir='ltr'><strong>Auffindung</strong></span> 
     </span>
     <span class='ocr_line' id='line_1_26' title="bbox 189 3525 1341 3620; baseline -0.001 -23"><span class='ocrx_word' id='word_1_215' title='bbox 189 3560 241 3598; x_wconf 89' lang='lat' dir='ltr'><strong>von</strong></span> <span class='ocrx_word' id='word_1_216' title='bbox 263 3544 403 3614; x_wconf 85' lang='lat' dir='ltr'><strong>Geselzen,</strong></span> <span class='ocrx_word' id='word_1_217' title='bbox 429 3548 594 3605; x_wconf 83' lang='lat' dir='ltr'><strong>Biindnisseu</strong></span> <span class='ocrx_word' id='word_1_218' title='bbox 614 3549 669 3605; x_wconf 90' lang='lat' dir='ltr'><strong>und</strong></span> <span class='ocrx_word' id='word_1_219' title='bbox 691 3548 832 3620; x_wconf 75' lang='lat' dir='ltr'><strong>religioseu</strong></span> <span class='ocrx_word' id='word_1_220' title='bbox 856 3546 1003 3602; x_wconf 88' lang='lat' dir='ltr'><strong>Urkunden</strong></span> <span class='ocrx_word' id='word_1_221' title='bbox 1020 3525 1176 3616; x_wconf 81' lang='lat' dir='ltr'><strong>geaweifelt,</strong></span> <span class='ocrx_word' id='word_1_222' title='bbox 1193 3542 1248 3598; x_wconf 91' lang='lat' dir='ltr'><strong>und</strong></span> <span class='ocrx_word' id='word_1_223' title='bbox 1265 3541 1341 3598; x_wconf 90' lang='lat' dir='ltr'><strong>dabei</strong></span> 
     </span>
     <span class='ocr_line' id='line_1_27' title="bbox 187 3645 988 3722; baseline 0.001 -25"><span class='ocrx_word' id='word_1_224' title='bbox 187 3646 256 3698; x_wconf 79' lang='lat' dir='ltr'><strong>nicht</strong></span> <span class='ocrx_word' id='word_1_225' title='bbox 272 3649 363 3700; x_wconf 81' lang='lat' dir='ltr'><strong>einmal</strong></span> <span class='ocrx_word' id='word_1_226' title='bbox 379 3648 425 3702; x_wconf 80' lang='lat' dir='ltr'><strong>dea</strong></span> <span class='ocrx_word' id='word_1_227' title='bbox 449 3651 590 3722; x_wconf 71' lang='lat' dir='ltr'><strong>Ualerpoop</strong></span> <span class='ocrx_word' id='word_1_228' title='bbox 608 3649 651 3702; x_wconf 85' lang='lat' dir='ltr'><strong>der</strong></span> <span class='ocrx_word' id='word_1_229' title='bbox 669 3648 825 3703; x_wconf 74' lang='lat' dir='ltr'><strong>Jatrbtcter</strong></span> <span class='ocrx_word' id='word_1_230' title='bbox 838 3645 988 3718; x_wconf 67' lang='lat' dir='ltr'><strong>perreldetr.</strong></span> 
     </span>
    </p>
   </div>
   <div class='ocr_carea' id='block_1_4' title="bbox 188 3766 1347 4626">
    <p class='ocr_par' dir='ltr' id='par_1_5' title="bbox 188 3766 1347 4626">
     <span class='ocr_line' id='line_1_28' title="bbox 225 3766 1342 3844; baseline -0.004 -18"><span class='ocrx_word' id='word_1_231' title='bbox 225 3774 263 3844; x_wconf 88' lang='grc'><strong>(1)</strong></span> <span class='ocrx_word' id='word_1_232' title='bbox 283 3771 371 3826; x_wconf 78' lang='lat' dir='ltr'><strong>Aliam</strong></span> <span class='ocrx_word' id='word_1_233' title='bbox 387 3771 458 3826; x_wconf 84' lang='lat' dir='ltr'><strong>viam</strong></span> <span class='ocrx_word' id='word_1_234' title='bbox 478 3771 552 3839; x_wconf 82' lang='lat' dir='ltr'><strong>iniit,</strong></span> <span class='ocrx_word' id='word_1_235' title='bbox 572 3770 710 3843; x_wconf 83' lang='lat' dir='ltr'><strong>disputans</strong></span> <span class='ocrx_word' id='word_1_236' title='bbox 730 3773 821 3826; x_wconf 84' lang='lat' dir='ltr'><strong>contra</strong></span> <span class='ocrx_word' id='word_1_237' title='bbox 846 3769 999 3825; x_wconf 83' lang='lat' dir='ltr'><strong>Cluverium</strong></span> <span class='ocrx_word' id='word_1_238' title='bbox 1022 3769 1069 3824; x_wconf 74' lang='lat' dir='ltr'><strong>ude</strong></span> <span class='ocrx_word' id='word_1_239' title='bbox 1096 3768 1208 3824; x_wconf 77' lang='lat' dir='ltr'><strong>historia</strong></span> <span class='ocrx_word' id='word_1_240' title='bbox 1233 3766 1342 3822; x_wconf 86' lang='lat' dir='ltr'><strong>Romuli</strong></span> 
     </span>
     <span class='ocr_line' id='line_1_29' title="bbox 188 3867 1342 3942; baseline -0.005 -16"><span class='ocrx_word' id='word_1_241' title='bbox 188 3873 215 3926; x_wconf 81' lang='lat' dir='ltr'><strong>el</strong></span> <span class='ocrx_word' id='word_1_242' title='bbox 235 3870 312 3926; x_wconf 88' lang='lat' dir='ltr'><strong>Rom.</strong></span> <span class='ocrx_word' id='word_1_243' title='bbox 336 3869 409 3926; x_wconf 86' lang='lat' dir='ltr'><strong>urbis</strong></span> <span class='ocrx_word' id='word_1_244' title='bbox 428 3870 508 3942; x_wconf 48' lang='lat' dir='ltr'><strong>origo(</strong></span> <span class='ocrx_word' id='word_1_245' title='bbox 528 3870 598 3925; x_wconf 80' lang='lat' dir='ltr'><strong>Dias.</strong></span> <span class='ocrx_word' id='word_1_246' title='bbox 619 3869 678 3924; x_wconf 86' lang='lat' dir='ltr'><strong>VH</strong></span> <span class='ocrx_word' id='word_1_247' title='bbox 699 3889 724 3942; x_wconf 91' lang='lat' dir='ltr'><strong>p.</strong></span> <span class='ocrx_word' id='word_1_248' title='bbox 755 3869 806 3923; x_wconf 73' lang='lat'><strong>694</strong></span> <span class='ocrx_word' id='word_1_249' title='bbox 834 3886 890 3939; x_wconf 83' lang='lat' dir='ltr'><strong>sqq.</strong></span> <span class='ocrx_word' id='word_1_250' title='bbox 916 3867 1080 3936; x_wconf 86' lang='lat' dir='ltr'><strong>Perizonius,</strong></span> <span class='ocrx_word' id='word_1_251' title='bbox 1106 3867 1153 3922; x_wconf 90' lang='lat' dir='ltr'><strong>nbi</strong></span> <span class='ocrx_word' id='word_1_252' title='bbox 1174 3867 1300 3934; x_wconf 81' lang='lat' dir='ltr'><strong>udratur,</strong></span> <span class='ocrx_word' id='word_1_253' title='bbox 1325 3884 1342 3920; x_wconf 87' lang='lat' dir='ltr'><strong>a</strong></span> 
     </span>
     <span class='ocr_line' id='line_1_30' title="bbox 190 3964 1342 4041; baseline -0.001 -21"><span class='ocrx_word' id='word_1_254' title='bbox 190 3966 312 4021; x_wconf 85' lang='lat' dir='ltr'><strong>Cluverio</strong></span> <span class='ocrx_word' id='word_1_255' title='bbox 332 3985 385 4022; x_wconf 93' lang='lat' dir='ltr'><strong>nou</strong></span> <span class='ocrx_word' id='word_1_256' title='bbox 405 3966 593 4036; x_wconf 70' lang='lat' dir='ltr'><strong>facturumue,</strong></span> <span class='ocrx_word' id='word_1_257' title='bbox 615 3968 685 4040; x_wconf 86' lang='lat' dir='ltr'><strong>quod</strong></span> <span class='ocrx_word' id='word_1_258' title='bbox 707 3967 787 4041; x_wconf 85' lang='lat' dir='ltr'><strong>paulo</strong></span> <span class='ocrx_word' id='word_1_259' title='bbox 807 3971 868 4039; x_wconf 80' lang='lat' dir='ltr'><strong>post</strong></span> <span class='ocrx_word' id='word_1_260' title='bbox 885 3967 1054 4022; x_wconf 86' lang='lat' dir='ltr'><strong>Bellelortius</strong></span> <span class='ocrx_word' id='word_1_261' title='bbox 1074 3971 1153 4038; x_wconf 85' lang='lat' dir='ltr'><strong>atque</strong></span> <span class='ocrx_word' id='word_1_262' title='bbox 1168 3966 1218 4022; x_wconf 89' lang='lat' dir='ltr'><strong>hoc</strong></span> <span class='ocrx_word' id='word_1_263' title='bbox 1239 3964 1342 4020; x_wconf 89' lang='lat' dir='ltr'><strong>saeculo</strong></span> 
     </span>
     <span class='ocr_line' id='line_1_31' title="bbox 189 4064 1342 4137; baseline 0.001 -18"><span class='ocrx_word' id='word_1_264' title='bbox 189 4064 350 4120; x_wconf 85' lang='lat' dir='ltr'><strong>Niebuhrius</strong></span> <span class='ocrx_word' id='word_1_265' title='bbox 368 4065 482 4134; x_wconf 76' lang='lat' dir='ltr'><strong>studuit,</strong></span> <span class='ocrx_word' id='word_1_266' title='bbox 506 4070 538 4122; x_wconf 81' lang='lat' dir='ltr'><strong>ul</strong></span> <span class='ocrx_word' id='word_1_267' title='bbox 562 4066 659 4122; x_wconf 80' lang='lat' dir='ltr'><strong>tradita</strong></span> <span class='ocrx_word' id='word_1_268' title='bbox 682 4065 763 4137; x_wconf 83' lang='lat' dir='ltr'><strong>vulgo</strong></span> <span class='ocrx_word' id='word_1_269' title='bbox 786 4065 964 4121; x_wconf 87' lang='lat' dir='ltr'><strong>Romanorum</strong></span> <span class='ocrx_word' id='word_1_270' title='bbox 988 4065 1097 4123; x_wconf 80' lang='lat' dir='ltr'><strong>historia</strong></span> <span class='ocrx_word' id='word_1_271' title='bbox 1118 4070 1179 4121; x_wconf 87' lang='lat' dir='ltr'><strong>ante</strong></span> <span class='ocrx_word' id='word_1_272' title='bbox 1199 4064 1342 4120; x_wconf 80' lang='lat' dir='ltr'><strong>adventum</strong></span> 
     </span>
     <span class='ocr_line' id='line_1_32' title="bbox 192 4162 1343 4238; baseline -0.001 -19"><span class='ocrx_word' id='word_1_273' title='bbox 192 4163 327 4219; x_wconf 84' lang='lat' dir='ltr'><strong>Gallorum</strong></span> <span class='ocrx_word' id='word_1_274' title='bbox 345 4167 451 4220; x_wconf 79' lang='lat' dir='ltr'><strong>tantum</strong></span> <span class='ocrx_word' id='word_1_275' title='bbox 475 4183 528 4220; x_wconf 90' lang='lat' dir='ltr'><strong>non</strong></span> <span class='ocrx_word' id='word_1_276' title='bbox 551 4184 599 4238; x_wconf 91' lang='lat' dir='ltr'><strong>pro</strong></span> <span class='ocrx_word' id='word_1_277' title='bbox 612 4165 702 4221; x_wconf 84' lang='lat' dir='ltr'><strong>fabula</strong></span> <span class='ocrx_word' id='word_1_278' title='bbox 722 4165 871 4222; x_wconf 83' lang='lat' dir='ltr'><strong>haberetur.</strong></span> <span class='ocrx_word' id='word_1_279' title='bbox 895 4166 924 4220; x_wconf 88' lang='lat' dir='ltr'><strong>Is</strong></span> <span class='ocrx_word' id='word_1_280' title='bbox 944 4164 1070 4237; x_wconf 80' lang='lat' dir='ltr'><strong>igiturex</strong></span> <span class='ocrx_word' id='word_1_281' title='bbox 1087 4162 1343 4219; x_wconf 68' lang='lat' dir='ltr'><strong>PraefationeGom,</strong></span> 
     </span>
     <span class='ocr_line' id='line_1_33' title="bbox 189 4258 1343 4334; baseline -0.001 -18"><span class='ocrx_word' id='word_1_282' title='bbox 189 4262 317 4334; x_wconf 82' lang='lat' dir='ltr'><strong>Nepotis,</strong></span> <span class='ocrx_word' id='word_1_283' title='bbox 342 4262 448 4319; x_wconf 80' lang='lat' dir='ltr'><strong>Sueton.</strong></span> <span class='ocrx_word' id='word_1_284' title='bbox 472 4263 557 4320; x_wconf 82' lang='lat' dir='ltr'><strong>Tiber.</strong></span> <span class='ocrx_word' id='word_1_285' title='bbox 582 4264 702 4319; x_wconf 84' lang='lat' dir='ltr'>LXXVI</span> <span class='ocrx_word' id='word_1_286' title='bbox 727 4270 754 4319; x_wconf 82' lang='lat' dir='ltr'><strong>et</strong></span> <span class='ocrx_word' id='word_1_287' title='bbox 778 4263 846 4319; x_wconf 87' lang='lat' dir='ltr'><strong>Gell.</strong></span> <span class='ocrx_word' id='word_1_288' title='bbox 864 4264 899 4319; x_wconf 92' lang='lat' dir='ltr'><strong>N.</strong></span> <span class='ocrx_word' id='word_1_289' title='bbox 924 4264 957 4318; x_wconf 82' lang='lat' dir='ltr'><strong>t.</strong></span> <span class='ocrx_word' id='word_1_290' title='bbox 981 4263 1005 4317; x_wconf 90' lang='lat' dir='ltr'><strong>I.</strong></span> <span class='ocrx_word' id='word_1_291' title='bbox 1030 4264 1064 4317; x_wconf 90' lang='grc'><strong>16</strong></span> <span class='ocrx_word' id='word_1_292' title='bbox 1086 4263 1207 4332; x_wconf 79' lang='lat' dir='ltr'><strong>pleraque</strong></span> <span class='ocrx_word' id='word_1_293' title='bbox 1229 4258 1343 4332; x_wconf 81' lang='lat' dir='ltr'><strong>explicat</strong></span> 
     </span>
     <span class='ocr_line' id='line_1_34' title="bbox 190 4356 1344 4435; baseline -0.003 -20"><span class='ocrx_word' id='word_1_294' title='bbox 190 4363 279 4429; x_wconf 80' lang='lat' dir='ltr'><strong>mulla,</strong></span> <span class='ocrx_word' id='word_1_295' title='bbox 300 4361 428 4434; x_wconf 81' lang='lat' dir='ltr'><strong>probante</strong></span> <span class='ocrx_word' id='word_1_296' title='bbox 451 4362 541 4431; x_wconf 81' lang='lat' dir='ltr'><strong>Saxio,</strong></span> <span class='ocrx_word' id='word_1_297' title='bbox 564 4362 639 4418; x_wconf 87' lang='lat' dir='ltr'><strong>Miso.</strong></span> <span class='ocrx_word' id='word_1_298' title='bbox 665 4362 738 4435; x_wconf 87' lang='lat' dir='ltr'><strong>Lips.</strong></span> <span class='ocrx_word' id='word_1_299' title='bbox 763 4380 824 4417; x_wconf 82' lang='lat' dir='ltr'><strong>nov.</strong></span> <span class='ocrx_word' id='word_1_300' title='bbox 848 4361 896 4416; x_wconf 93' lang='grc' dir='ltr'><strong>ΙΙΙ</strong></span> <span class='ocrx_word' id='word_1_301' title='bbox 916 4381 942 4433; x_wconf 91' lang='lat' dir='ltr'><strong>p.</strong></span> <span class='ocrx_word' id='word_1_302' title='bbox 964 4361 1023 4414; x_wconf 75' lang='lat'><strong>238.</strong></span> <span class='ocrx_word' id='word_1_303' title='bbox 1044 4359 1086 4414; x_wconf 79' lang='lat' dir='ltr'><strong>Ex</strong></span> <span class='ocrx_word' id='word_1_304' title='bbox 1105 4356 1182 4413; x_wconf 87' lang='lat' dir='ltr'><strong>Livio</strong></span> <span class='ocrx_word' id='word_1_305' title='bbox 1199 4356 1256 4429; x_wconf 90' lang='lat' dir='ltr'><strong>ipso</strong></span> <span class='ocrx_word' id='word_1_306' title='bbox 1274 4357 1344 4412; x_wconf 88' lang='lat' dir='ltr'><strong>hune</strong></span> 
     </span>
     <span class='ocr_line' id='line_1_35' title="bbox 190 4453 1347 4534; baseline -0.003 -21"><span class='ocrx_word' id='word_1_307' title='bbox 190 4459 261 4514; x_wconf 88' lang='lat' dir='ltr'><strong>vocis</strong></span> <span class='ocrx_word' id='word_1_308' title='bbox 285 4478 362 4514; x_wconf 83' lang='lat' dir='ltr'><strong>osum</strong></span> <span class='ocrx_word' id='word_1_309' title='bbox 381 4459 483 4517; x_wconf 83' lang='lat' dir='ltr'><strong>duobus</strong></span> <span class='ocrx_word' id='word_1_310' title='bbox 500 4461 624 4534; x_wconf 87' lang='lat' dir='ltr'><strong>exemplis</strong></span> <span class='ocrx_word' id='word_1_311' title='bbox 647 4462 691 4532; x_wconf 85' lang='lat' dir='ltr'><strong>(X.</strong></span> <span class='ocrx_word' id='word_1_312' title='bbox 708 4462 752 4518; x_wconf 83' lang='lat'><strong>13.</strong></span> <span class='ocrx_word' id='word_1_313' title='bbox 764 4463 814 4530; x_wconf 75' lang='lat'><strong>14,</strong></span> <span class='ocrx_word' id='word_1_314' title='bbox 827 4462 870 4516; x_wconf 82' lang='lat'><strong>31.</strong></span> <span class='ocrx_word' id='word_1_315' title='bbox 883 4463 910 4532; x_wconf 88' lang='lat'><strong>8)</strong></span> <span class='ocrx_word' id='word_1_316' title='bbox 936 4457 1140 4529; x_wconf 81' lang='lat' dir='ltr'><strong>haudquaquam</strong></span> <span class='ocrx_word' id='word_1_317' title='bbox 1151 4453 1347 4512; x_wconf 80' lang='lat' dir='ltr'><strong>contemnendis</strong></span> 
     </span>
     <span class='ocr_line' id='line_1_36' title="bbox 189 4554 791 4626; baseline 0.007 -17"><span class='ocrx_word' id='word_1_318' title='bbox 189 4554 306 4613; x_wconf 79' lang='lat' dir='ltr'><strong>illustrat</strong></span> <span class='ocrx_word' id='word_1_319' title='bbox 317 4557 445 4626; x_wconf 87' lang='lat' dir='ltr'><strong>Krusius,</strong></span> <span class='ocrx_word' id='word_1_320' title='bbox 458 4557 489 4613; x_wconf 92' lang='lat' dir='ltr'><strong>de</strong></span> <span class='ocrx_word' id='word_1_321' title='bbox 500 4558 543 4614; x_wconf 86' lang='lat' dir='ltr'><strong>fid.</strong></span> <span class='ocrx_word' id='word_1_322' title='bbox 556 4557 616 4614; x_wconf 79' lang='lat' dir='ltr'><strong>Ltv.</strong></span> <span class='ocrx_word' id='word_1_323' title='bbox 628 4561 678 4615; x_wconf 83' lang='lat' dir='ltr'><strong>elo.</strong></span> <span class='ocrx_word' id='word_1_324' title='bbox 692 4558 734 4614; x_wconf 92' lang='grc' dir='ltr'><strong>ΙΙ.</strong></span> <span class='ocrx_word' id='word_1_325' title='bbox 749 4561 791 4614; x_wconf 86' lang='lat'><strong>56.</strong></span> 
     </span>
    </p>
   </div>
   <div class='ocr_carea' id='block_1_5' title="bbox 0 0 1585 5275">
    <p class='ocr_par' dir='ltr' id='par_1_6' title="bbox 0 0 1585 5275">
     <span class='ocr_line' id='line_1_37' title="bbox 0 0 1585 5275; baseline 0 0"><span class='ocrx_word' id='word_1_326' title='bbox 0 0 1585 5275; x_wconf 95' lang='lat' dir='ltr'><strong> </strong></span> 
     </span>
    </p>
   </div>
  </div>
 </body>
</html>
