3150 5275
730 441 771 501 25

163 641 347 706 coniecturis
375 642 516 726 falsisque
546 639 742 723 opinionibus
774 636 991 721 redarguendis
1021 648 1205 722 occupatum
1236 658 1318 711 esse,

164 768 340 842 susceptum
371 755 506 819 officinm
537 775 642 817 vereor
673 763 706 815 ut
734 753 803 816 satis
832 774 992 838 exsequar,
1033 754 1057 814 si
1097 774 1181 815 mera
1219 772 1319 813 rerum

163 869 393 934 enumeratione
426 878 586 931 contentus
619 869 702 932 omni
735 867 941 952 disputatione
973 866 1152 931 abstineam.
1190 866 1319 950 Pergam

162 984 258 1069 igitur
288 1005 349 1069 qua
379 983 466 1067 coepi
495 984 564 1059 ria,
595 984 637 1046 ita
665 982 792 1069 quidem
819 993 852 1046 ut
876 982 1005 1068 gradum
1035 982 1083 1044 vir
1111 982 1234 1057 sistam,
1263 980 1320 1042 nisi

166 1097 220 1161 ubi
250 1098 363 1161 maiora
392 1096 555 1180 spectanda
585 1095 696 1161 dentur
725 1108 778 1161 aut
801 1133 842 1145 —
865 1096 973 1184 quidni
1002 1097 1085 1159 onim
1116 1106 1320 1178 temperemus

164 1212 242 1274 seria
263 1208 363 1274 iocis?
386 1246 428 1259 -
451 1207 603 1274 hilariora.

204 1326 248 1389 Ex
259 1324 413 1389 Ciceronis
432 1325 485 1409 qui
501 1334 546 1386 est
558 1322 595 1387 de
613 1322 800 1388 divinatione
812 1323 890 1387 libro
902 1323 1132 1389 [Clericusduo
1149 1322 1319 1405 fragmenta

163 1439 243 1503 eruit
269 1438 336 1526 (1),
366 1458 499 1524 quorum
521 1438 616 1501 altero
641 1438 682 1526 (c.
708 1440 782 1526 17),
805 1451 924 1503 narrata
947 1438 1072 1501 historia
1093 1436 1131 1499 de
1153 1436 1319 1521 Tarquinio

164 1564 194 1617 et
219 1553 301 1617 Attio
323 1554 435 1617 Navio:
461 1575 478 1615 <r
492 1554 642 1639 Negemus
664 1555 785 1631 omnia,
810 1556 911 1640 inquit
932 1554 1003 1630 ille,
1026 1551 1243 1616 comburamus
1263 1570 1320 1613 on·

163 1667 267 1746 noles,
303 1666 374 1731 ficta
406 1666 483 1732 haec
514 1690 577 1732 esse
606 1668 784 1733 dicamus».
808 1670 933 1733 Scilicet
953 1670 1031 1733 haec
1053 1669 1170 1733 Clerico
1195 1669 1237 1754 (p.
1261 1670 1318 1742 87,

163 1783 240 1871 548).
271 1805 326 1867 pro
356 1781 470 1847 indicio
501 1796 572 1848 suut
599 1785 754 1849 moeimos
781 1785 905 1849 annales
933 1786 1072 1870 spectari.
1098 1785 1231 1847 Alterius
1259 1783 1317 1845 loci

166 1896 206 1984 (c.
231 1898 285 1986 ll)
316 1898 394 1963 nibil
421 1902 479 1965 nisi
505 1889 629 1965 initium
654 1900 800 1965 afferam:
830 1899 962 1981 «Quid,
988 1900 1069 1986 quod
1095 1900 1127 1963 in
1154 1897 1319 1963 aetralibus

162 2011 330 2093 babemus,
359 2013 481 2081 Veienti
511 2014 608 2090 bello,
639 2036 737 2100 quum
768 2016 853 2078 lacus
881 2014 1019 2079 Albanus
1045 2025 1165 2099 praeter
1190 2012 1317 2099 modum

162 2124 400 2191 crevisset...?u
425 2127 469 2192 Cf.
492 2127 626 2192 Clericus
650 2151 679 2213 p.
704 2132 756 2206 87,
782 2132 855 2194 56⁶2.
880 2130 991 2216 Utique
1014 2128 1096 2192 subit
1118 2129 1238 2205 mirari,
1261 2129 1316 2215 qui

154 2250 224 2304 ,tam
252 2241 343 2325 louge
374 2242 556 2325 exspatiatus
588 2243 664 2306 adeo
693 2244 790 2307 sitiret
818 2243 946 2307 onnoles
975 2243 1148 2320 proximos,
1182 2264 1255 2305 eum
1285 2242 1317 2304 iu

161 2355 306 2421 Cicerone
329 2355 370 2419 ita
393 2355 450 2419 sibi
472 2356 654 2442 imperasse,
678 2369 712 2421 ut
735 2359 860 2442 iusuper
882 2380 919 2421 ex
943 2355 1001 2419 boc
1023 2357 1107 2419 fonte
1128 2356 1249 2419 nonnisi
1272 2367 1318 2418 ter

160 2482 304 2558 quaterve
325 2469 479 2549 hauriret;
501 2472 583 2557 quod
604 2472 705 2557 ipsum
726 2494 788 2558 quo
810 2474 906 2558 egerit
929 2473 1035 2549 modo,
1057 2472 1163 2556 paucis
1184 2470 1317 2534 indicavi

159 2607 192 2671 p.
215 2588 307 2671 6sq.,
339 2596 370 2649 et
395 2607 466 2650 mox
491 2586 588 2671 magis
614 2586 706 2650 etiam
736 2586 906 2673 apparebit.
933 2587 994 2652 Sed
1021 2587 1160 2651 omnium
1183 2585 1315 2649 manime

161 2701 272 2765 mimm
292 2701 351 2766 hoc
369 2714 431 2780 est,
454 2703 566 2788 fugisse
587 2701 739 2768 Clericum
758 2703 852 2766 Tullii
874 2704 912 2766 ad
930 2705 995 2772 Ser.
1014 2705 1188 2789 Sulpicium
1208 2703 1315 2778 verba,

156 2826 231 2880 orat.
263 2836 316 2899 pro
347 2817 380 2880 L.
411 2816 537 2880 Murena
569 2815 639 2883 Vll.
676 2821 714 2882 16
748 2839 755 2880 ε
793 2819 888 2882 «Non
918 2843 954 2882 ox
984 2842 1122 2883 sermone
1153 2820 1311 2881 bominum

156 2932 292 3008 recenti,
321 2930 372 2994 sed
395 2954 432 2994 ex
454 2930 617 2994 annalium
640 2942 786 2996 vetustate
810 2933 946 2996 eruenda
967 2945 1011 2997 est
1033 2935 1180 2997 memoria
1204 2932 1313 2995 nobili-

156 3045 223 3108 tatis
249 3055 358 3110 tuae».
387 3046 434 3108 Tu
461 3067 584 3109 causam
612 3048 750 3132 quaeris,
778 3069 836 3110 cur
859 3048 935 3111 adeo
961 3048 992 3111 id
1019 3049 1134 3112 mirum
1155 3047 1215 3112 sit?
1243 3048 1310 3111 Non

156 3158 264 3222 celabo
285 3157 445 3244 equidem.
466 3160 530 3225 Visi
552 3171 622 3223 sont
644 3161 761 3225 Clerico
785 3161 830 3247 (p.
859 3165 918 3240 tl,
945 3163 999 3247 52)
1032 3163 1165 3228 maximi
1189 3164 1313 3229 annales

155 3274 284 3358 spectari
300 3272 434 3336 versibus
455 3272 628 3350 Ovidianis,
652 3275 729 3341 Fast.
753 3276 777 3342 1.
802 3279 820 3340 7
844 3297 910 3363 sq.:

328 3386 423 3452 Sacro
445 3407 659 3472 reoopnoseos,
682 3391 845 3454 annalibus
867 3403 954 3455 eruta
976 3392 1101 3476 priscis,

372 3500 416 3567 m
437 3523 497 3587 quo
519 3502 559 3566 sit
580 3503 688 3570 nterito
711 3525 850 3591 paneque
872 3514 974 3570 notato
996 3506 1072 3573 dies.

154 3617 233 3680 Tum
257 3617 312 3703 qui
334 3617 480 3702 leguntur
502 3617 578 3682 Fast.
602 3619 657 3686 lv.
685 3624 719 3683 11
746 3643 813 3707 sq.:

331 3729 479 3815 Tempora
501 3753 570 3797 eant
593 3734 714 3810 causis,
737 3736 899 3800 annalibus
921 3748 1007 3801 eruta
1031 3740 1154 3821 priscis,

364 3843 527 3930 Lapsaque
549 3847 605 3912 sub
628 3859 727 3913 terras
749 3858 876 3935 ortoque
898 3850 987 3934 sipno
1009 3870 1094 3918 cono.

152 3961 219 4024 Non
238 3972 283 4024 est
306 3962 457 4046 profecto,
480 3961 562 4049 quod
586 3963 739 4028 Ciceronis
761 3938 881 4029 comitis
902 3965 1047 4030 Ovidium
1069 3943 1193 4052 pudeat.
1227 3971 1310 4034 «sed

149 4087 253 4139 tanmn
276 4088 377 4140 amoto
400 4099 585 4164 quaeramus
608 4077 685 4142 s‘eria
708 4078 821 4144 ludo».

195 4189 372 4255 Laudautur
388 4215 406 4256 a
424 4193 587 4273 Cicerone,
608 4197 633 4259 si
655 4208 736 4260 reete
757 4201 901 4278 memini,
921 4204 1018 4266 tribus
1035 4203 1127 4280 locis,
1148 4203 1311 4268 laudantur

150 4305 242 4370 etiam
267 4328 285 4370 a
306 4307 388 4370 Livio
410 4321 440 4372 et
461 4310 559 4373 Gellio
579 4311 740 4376 anatolium
759 4326 972 4394 cranemerae,
1002 4328 1036 4381 ut
1055 4339 1071 4379 a
1094 4317 1193 4380 Plinio
1214 4318 1248 4383 tt.
1270 4318 1309 4382 Η.

144 4484 542 4500 -u——u—-n

33 4603 40 4618 .
143 4562 145 4566 ’
184 4560 221 4631 (1)
240 4559 316 4616 Idem
333 4579 348 4616 a
366 4561 444 4617 Sexio
460 4561 559 4619 lactum
581 4565 671 4634 rideo,
690 4566 733 4624 l.l.
754 4568 786 4624 ΙΙ
805 4587 829 4642 p.
851 4572 911 4624 456.
