3150 5275
800 446 844 511 60

240 663 420 739 gumentum
443 646 657 734 suppeditare,
682 647 764 733 quod
786 649 1009 733 perspicuitatis
1030 671 1120 713 causa
1139 649 1242 735 denuo
1259 650 1394 716 afferam.

244 768 306 829 «ln
329 766 432 849 primis
455 763 575 828 foedera
599 784 635 827 ac
657 763 739 847 leges
768 760 866 848 (erant
889 774 992 828 autem
1014 787 1068 829 eae
1088 765 1251 831 duodecim
1274 766 1395 830 tabulae

242 891 273 944 et
304 878 455 967 quaedam
484 879 585 964 regiae
616 876 709 964 leges)
740 879 879 963 conquiri
908 901 987 964 quae
1013 892 1224 965 comparerent
1257 881 1396 967 (Tribuni

241 992 426 1081 consulares)
456 994 627 1056 iusserunt:
656 992 715 1055 alia
743 1013 778 1054 er
806 992 850 1054 eis
880 991 961 1054 edita
994 994 1084 1057 etiam
1112 995 1143 1057 in
1167 995 1293 1080 vulgus3
1319 1016 1397 1081 quae

242 1118 344 1170 autem
369 1106 407 1170 ad
427 1127 511 1171 sacra
533 1106 746 1192 pertinebant,
780 1129 798 1167 a
821 1105 1021 1169 Pontificibus
1043 1109 1174 1171 maxime
1196 1119 1230 1171 ut
1254 1108 1398 1195 religione

244 1221 399 1285 obstrictos
421 1220 569 1284 baberent
592 1218 796 1284 multitudinis
817 1219 933 1282 animos
956 1241 1123 1305 suppressa.
1137 1245 1154 1284 n

286 1336 402 1399 Possint
431 1336 541 1412 facile,
573 1357 651 1420 quae
674 1332 821 1397 hocloco
843 1333 944 1396 tirius
966 1334 1005 1398 de
1026 1336 1192 1420 suppressis
1212 1346 1399 1399 commenta-

242 1450 293 1512 riis
316 1470 469 1513 sacrorum
492 1459 633 1525 testatur,
658 1448 795 1532 cuipiam
818 1448 1021 1531 suspicionem
1044 1468 1185 1524 movere,
1217 1471 1292 1512 num
1321 1450 1397 1511 forte

243 1566 323 1628 facto
345 1564 486 1629 incendio
511 1562 659 1629 historicis
682 1562 908 1625 commentariis
927 1562 1009 1624 idem
1031 1563 1188 1633 acciderit.
1211 1565 1297 1630 Certe
1316 1567 1398 1628 enim

245 1680 284 1743 Μ.
314 1677 427 1753 Fabio,
457 1688 523 1739 tum
551 1675 691 1739 Pontifici
720 1677 849 1740 Maximo
875 1674 949 1762 (tis.
975 1678 1012 1744 V.
1037 1680 1088 1741 41.
1114 1677 1168 1765 5),
1191 1689 1290 1742 tantae
1312 1680 1399 1743 molis

245 1813 306 1855 non
327 1802 391 1855 erat
413 1792 458 1853 sui
480 1791 603 1875 collegii
623 1791 873 1867 commentarios,
893 1801 1025 1876 quantae
1045 1792 1133 1856 Saliis
1152 1794 1264 1857 ancilia
1282 1815 1398 1857 servare

245 1907 325 1983 (tir.
360 1906 409 1973 Vs
432 1907 472 1969 54
504 1927 527 1969 6.
561 1903 620 1993 t),
654 1916 688 1968 ut
716 1906 790 1968 salvi
820 1917 979 1970 eraserunt
1008 1907 1151 1972 custoditi
1178 1932 1195 1973 a
1226 1910 1399 1972 Duumviris

246 2021 388 2107 Sibyllini
409 2020 481 2082 libri
507 2017 581 2106 (Lis.
604 2019 642 2086 V.
666 2021 716 2083 50.
738 2018 786 2106 2).
812 2018 914 2102 Quid,
938 2019 1020 2106 quod
1043 2043 1171 2106 magnus
1198 2021 1322 2108 quidem
1342 2045 1397 2108 ap-

247 2133 523 2220 propinquantibus
549 2132 642 2196 Gallis
672 2133 794 2196 incessit
817 2154 921 2197 omues
944 2135 1049 2213 timor,
1080 2135 1153 2215 sed,
1186 2136 1293 2201 eodem
1318 2138 1399 2202 bivio
1439 2212 1443 2220 ⁴

246 2260 320 2313 teste
348 2250 397 2335 (V.
420 2252 471 2313 39.
494 2247 540 2335 8),
565 2271 583 2313 6
592 2270 786 2335 nequaquam
810 2259 911 2312 tamen
924 2271 959 2311 ea
978 2260 1083 2325 nocte,
1108 2272 1209 2337 neque
1227 2252 1401 2337 insequenti

246 2361 317 2438 die,
351 2362 456 2425 similis
483 2362 549 2438 illi,
579 2383 658 2447 quae
688 2361 727 2424 ad
755 2360 868 2425 alliam
898 2374 959 2425 tam
990 2363 1098 2448 paride
1125 2365 1263 2450 fugerat,
1295 2366 1400 2428 civitas

244 2476 356 2540 suita?
384 2476 484 2563 Atque
525 2474 583 2539 boc
607 2475 735 2560 probant
757 2477 848 2539 etiam
868 2474 990 2539 habitae
1007 2498 1044 2539 eo
1066 2487 1202 2561 tempore
1224 2477 1398 2541 deliberati·

245 2612 334 2668 ones,
367 2612 509 2677 quaeque
539 2589 674 2654 inierunt
701 2600 731 2653 et
762 2600 826 2653 rata
853 2589 993 2653 lecerunt
1026 2573 1170 2668 consilia,
1207 2603 1241 2657 ut
1264 2615 1308 2657 res
1329 2615 1398 2658 suas

245 2729 343 2771 sacras
355 2707 475 2794 aliaque
493 2707 525 2768 in
550 2717 650 2769 tutum
674 2704 856 2770 conferrent.
879 2704 960 2768 Illud
982 2728 1052 2770 vero
1074 2709 1128 2794 qui
1154 2709 1341 2793 suspicetur,
1365 2721 1400 2773 ut

248 2823 339 2887 sensit
370 2843 474 2906 reapse
505 2821 631 2894 Sarius,
661 2819 682 2883 l.
714 2819 734 2884 l.
764 2820 795 2881 ll
825 2841 855 2904 p.
887 2821 950 2882 494
978 2841 1042 2905 sq.,
1074 2820 1136 2884 646
1164 2841 1230 2906 sap,
1264 2821 1399 2907 aliquam

246 2938 321 3003 mibi
345 2959 467 3001 causam
492 2935 654 3022 praebeat,
677 2955 735 2997 nen
761 2931 840 3010 dico,
861 2955 917 2998 cur
936 2936 1067 2999 alterum
1084 2937 1152 2998 veie
1173 2936 1344 3020 scripsisse,
1367 2938 1398 2999 in

246 3056 339 3119 altero
358 3076 469 3117 errasse
499 3052 600 3116 Livius
631 3047 768 3112 videatur
793 3046 860 3134 (l),
883 3048 935 3112 sed
958 3071 1037 3136 quae
1059 3050 1220 3115 Pontifices
1241 3050 1399 3136 impellere

285 3382 323 3452 (1)
342 3379 444 3435 Statuit
469 3379 637 3447 Gerlachius,
663 3379 706 3435 cui
729 3379 789 3435 sciri
811 3383 904 3451 postea
920 3397 973 3435 666
990 3379 1107 3452 potuisse
1127 3380 1247 3447 videtur,
1264 3397 1332 3451 quae
1347 3397 1401 3434 mo·

247 3482 371 3535 numenta
399 3478 449 3534 bac
474 3476 556 3533 Urbis
582 3477 656 3533 clade
680 3477 860 3544 interiissent3
878 3476 947 3548 quod
963 3494 1017 3532 nou
1033 3476 1109 3549 capio
1126 3477 1199 3533 satis.
1217 3477 1268 3533 Sed
1284 3482 1403 3550 praestat

246 3580 329 3652 ipsam
354 3578 404 3633 viri
429 3578 491 3634 clar.
514 3577 567 3633 iam
596 3577 675 3650 paulo
711 3580 773 3633 ante
795 3577 965 3632 memoratam
986 3576 1144 3631 sententiam
1157 3576 1317 3645 adscribere,
1335 3594 1402 3649 quae

248 3677 350 3734 diversa
367 3675 401 3732 ab
419 3693 466 3743 ea,
494 3693 572 3746 quam
597 3673 780 3746 pronuntiavit
801 3673 833 3728 de
859 3672 1021 3746 temporibus
1037 3673 1141 3746 Regum
1156 3675 1334 3731 Romanorum
1350 3674 1402 3730 dis·

247 3793 335 3831 serens
361 3773 413 3844 (die
437 3773 503 3828 Zeit.
526 3773 551 3829 d.
569 3773 648 3829 Rem.
666 3773 736 3829 Kan.
756 3793 782 3846 p.
800 3774 833 3855 at
852 3776 919 3843 aa),
938 3771 1037 3842 legitur
1053 3773 1081 3828 in
1097 3774 1274 3847 disputatione
1292 3793 1344 3829 von
1361 3775 1403 3830 die

248 3872 334 3943 Quell.
352 3876 401 3928 etc.
420 3891 445 3944 p.
468 3873 498 3927 9:
526 3871 608 3926 rWir
626 3871 713 3926 finden
736 3871 764 3926 in
787 3871 870 3926 dieser
886 3871 1057 3944 Aeusserung
1077 3871 1122 3927 des
1138 3871 1232 3927 Livius
1251 3871 1347 3926 Nichts
1364 3872 1403 3927 616

248 3973 305 4027 6166
322 3969 592 4043 Gegenttberstellung
610 3970 656 4026 der
679 3971 786 4027 trithem
803 3971 858 4026 und
875 3974 982 4044 spatern
997 3970 1160 4028 Geschicbte.
1177 3969 1239 4024 Wie
1257 3969 1401 4025 61616661-

248 4072 332 4143 haupt
348 4069 391 4125 bei
408 4069 467 4124 dem
484 4068 629 4140 gallischen
644 4069 749 4124 Brande
766 4089 801 4124 66
817 4070 924 4126 Grande
941 4086 1076 4142 gegangen
1092 4085 1159 4134 war,
1177 4067 1276 4122 lronnte
1293 4068 1401 4122 schwer-

248 4169 301 4224 lieh
323 4171 411 4241 spiter
437 4167 618 4240 ausgemittelt
640 4168 756 4235 werden,
777 4167 851 4235 weil,
875 4186 951 4224 wenn
973 4167 1021 4223 auf
1040 4167 1086 4223 der
1101 4167 1176 4222 einen
1193 4168 1263 4223 Seite
1279 4167 1321 4222 die
1337 4167 1402 4221 Ver-

247 4267 423 4338 heimlichnng
446 4265 491 4322 des
513 4268 652 4323 erlittenen
670 4267 793 4324 Verlusts
810 4268 865 4324 und
887 4268 929 4324 die
954 4268 1095 4341 mbglichst
1109 4265 1222 4321 schnelle
1237 4264 1401 4320 Wiederher·

247 4365 362 4436 stellung
378 4365 421 4419 fiir
438 4364 479 4420 die
493 4366 735 4440 Priestercollegien
762 4367 801 4422 als
827 4367 884 4423 eine
902 4368 985 4424 Sache
1002 4387 1055 4423 von
1072 4365 1118 4422 der
1135 4369 1256 4438 griisstcn
1269 4362 1400 4433 Wichtig·

248 4463 305 4518 keit
329 4463 461 4532 erschien,
478 4464 525 4520 auf
542 4465 587 4520 der
604 4465 702 4520 andern
719 4465 761 4522 die
778 4465 900 4521 Itinsicbt
916 4465 944 4521 in
961 4465 1003 4520 die
1020 4462 1167 4520 Urlrunden
1184 4482 1217 4517 au
1232 4459 1404 4538 verbinderm

247 4565 305 4621 dem
330 4565 461 4621 Interesse
486 4564 531 4621 des
558 4565 668 4621 Staudes
695 4565 769 4622 nicht
785 4566 886 4622 minder
902 4563 1044 4622 tbrderlich
1060 4560 1210 4618 erscheineu
1225 4560 1337 4626 boante,
1355 4557 1404 4612 wic
