3150 5275
769 437 810 499 69

209 632 295 718 regni
315 633 454 695 timorem
477 630 516 695 ad
537 633 671 697 Tiberim
694 637 806 720 exponi
827 636 924 698 iussus
946 656 1026 713 esse3
1059 658 1121 723 quo
1143 638 1174 700 in
1198 640 1264 701 loco
1285 660 1358 703 cum

208 758 284 811 esset
305 748 443 811 silvestris
460 747 572 812 beluae
595 760 776 815 sustentatus
798 748 964 829 uberibus,
986 762 1178 838 pastoresque
1201 775 1272 817 eum
1294 776 1359 816 sus·

208 862 345 925 tulissent
378 872 408 925 et
436 863 467 926 in
501 864 610 949 agresti
644 865 729 927 cultu
763 863 928 950 laboreque
961 865 1124 943 aluissent,
1161 866 1358 952 perhibetur,

210 988 244 1039 ut
273 977 452 1056 adoleverit,
487 990 517 1042 et
549 980 681 1064 corporis
715 980 830 1043 viribus
861 990 892 1043 et
925 980 1020 1042 animi
1053 980 1209 1044 ferocitate
1238 993 1359 1045 tantum

209 1096 317 1158 ceteris
347 1096 545 1179 praestitisse,
577 1106 612 1157 ut
643 1116 764 1172 omnes,
797 1095 851 1181 qui
883 1106 949 1157 tum
982 1117 1032 1157 eos
1054 1117 1159 1178 agros,
1190 1096 1245 1158 ubi
1267 1094 1364 1161 hodie

209 1220 252 1272 est
293 1208 370 1273 haec
414 1209 503 1285 urbs,
549 1210 741 1288 incolebant,
786 1232 885 1297 aequo
929 1210 1032 1272 animo
1075 1210 1122 1271 illl
1167 1209 1359 1297 libenterque

207 1335 359 1409 parerent.
392 1325 530 1406 Quorum
561 1326 655 1411 copiis
686 1346 758 1390 cum
792 1347 823 1388 se
852 1323 965 1388 ducem
997 1324 1204 1410 praebuisset,
1233 1336 1268 1389 ut
1296 1326 1357 1389 iam

208 1442 355 1505 alabulis
386 1440 425 1505 ad
444 1441 523 1504 lacta
557 1441 729 1517 veniamus,
763 1441 943 1525 oppressisse
957 1495 959 1500 ,
975 1440 1111 1524 Longam
1144 1439 1273 1517 Albam,
1308 1462 1361 1503 ra-

208 1552 301 1619 lidam
335 1555 445 1619 urbem
477 1567 507 1620 et
536 1568 690 1641 potentem
721 1555 908 1640 temporibus
934 1555 1013 1634 illis,
1044 1556 1266 1642 Amuliumque
1297 1558 1361 1622 Rc·

208 1693 277 1758 gem
298 1673 485 1736 interemisse
506 1674 613 1738 fertur.
637 1674 707 1754 Qua
726 1673 823 1758 gloria
845 1683 952 1757 parta,
975 1671 1086 1735 urbem
1109 1674 1265 1758 auspicato
1287 1694 1360 1737 oon-

209 1787 280 1852 dere
298 1799 328 1852 et
347 1787 467 1852 firmare
488 1787 601 1851 dicitur
619 1788 753 1872 primum
774 1788 950 1874 cogitavisse
969 1810 1035 1851 rem
1056 1787 1250 1872 publicam».
1269 1787 1362 1851 Plura

211 1925 272 1967 non
303 1903 456 1979 describo,
487 1904 519 1966 in
547 1904 691 1969 Cicerone
717 1904 782 1987 ipso
811 1901 952 1989 legenda.
975 1903 1029 1965 His
1051 1914 1155 1965 autem
1175 1904 1199 1965 si
1221 1913 1360 1965 omatum

212 2015 373 2080 verborum
391 2014 571 2091 detraxeris,
592 2014 777 2091 manebunt,
799 2027 834 2078 ut
852 2012 929 2078 mibi
947 2016 1072 2100 quidem
1092 2015 1225 2093 ridetur,
1242 2038 1362 2080 summa

211 2130 311 2215 capita
332 2153 453 2208 rerum,
476 2133 509 2194 in
531 2130 663 2215 publicis
680 2130 845 2195 ouooh'bus
864 2129 1061 2210 traditarum,
1084 2139 1146 2219 qut)
1165 2132 1251 2196 ducit
1271 2134 1362 2196 etiam

211 2246 292 2309 lama
322 2245 373 2308 illa
405 2246 557 2329 supienter
581 2268 600 2310 o
626 2245 795 2310 maioribus
816 2245 947 2330 prodito.
977 2248 1064 2313 Certe
1096 2249 1180 2312 enim
1210 2247 1256 2312 bis
1291 2247 1364 2311 libri

210 2360 327 2445 publici
347 2360 554 2447 designantur.

254 2477 291 2540 In
310 2476 487 2563 fragmentis
508 2486 631 2561 propter
650 2497 786 2551 annum,
811 2476 866 2560 qui
889 2477 1069 2562 respicitur,
1106 2478 1221 2562 primus
1245 2498 1362 2540 memo·

211 2590 322 2657 raudus
345 2602 389 2656 est
414 2590 537 2676 Vopisci
556 2591 660 2668 locus,
684 2590 836 2676 principio
864 2591 955 2659 Vitae
979 2593 1077 2658 Taciti
1099 2591 1175 2657 baec
1197 2591 1362 2658 tradentis:

313 2792 390 2862 Quod
401 2795 462 2865 post
473 2809 605 2848 excessum
613 2791 721 2848 Romuli
728 2820 765 2834 -·
773 2791 874 2848 factam
882 2790 1030 2862 Pontifices,
1047 2810 1128 2865 penes
1136 2812 1202 2866 qnos
1212 2793 1363 2851 scribendae

278 2890 403 2946 historiae
419 2893 536 2964 potestas
553 2890 621 2958 luit,
638 2890 666 2944 in
683 2889 774 2946 literas
792 2891 956 2959 retulerunt,
973 2894 1005 2946 ut
1021 2888 1201 2964 interregnum
1213 2935 1220 2959 ,
1230 2890 1293 2946 dum
1301 2896 1364 2964 post

277 2989 375 3045 bonum
386 2987 534 3062 Principem
541 2987 624 3044 bouus
634 2988 701 3044 alius
718 2989 866 3060 quaeritur,
874 2989 999 3056 iniectum
1008 2990 1058 3044 boo
1068 2992 1130 3061 post
1143 2987 1360 3044 Aurelianum-

280 3106 326 3143 sex
346 3085 410 3142 totis
427 3086 559 3142 mensibus
576 3086 740 3142 factumest.

253 3273 417 3338 Adduntur
436 3275 514 3350 alia,
545 3275 675 3361 Vopisco
699 3275 821 3338 fortasse
846 3273 956 3361 digna,
977 3273 1029 3338 sed
1051 3274 1177 3362 indigna
1199 3274 1362 3340 curulibus

210 3389 371 3467 marcianis,
402 3387 514 3475 quibus
546 3388 701 3453 aClerico
722 3409 780 3452 nec
804 3389 869 3452 sine
894 3388 985 3452 laude
1014 3388 1192 3453 tribuuntur
1223 3389 1266 3476 (p.
1302 3392 1362 3467 15,

212 3503 306 3592 546),
334 3515 365 3567 et
385 3504 533 3566 contraria
554 3513 725 3567 ceterorum
748 3505 929 3590 scriptorum
953 3504 1149 3581 testimoniis,
1181 3515 1217 3568 ut
1239 3504 1316 3568 Lirii
1336 3505 1364 3571 Ι.

212 3621 269 3694 17,
301 3617 436 3701 Dionysii
459 3616 499 3680 Il.
522 3618 581 3692 57,
609 3616 764 3681 Plutarchi
786 3619 849 3686 Vit.
873 3620 1097 3685 Numitor.
1120 3619 1276 3683 Beckenrs
1297 3620 1319 3684 l.
1341 3621 1363 3682 l·
1470 3620 1472 3626 ’

211 3735 252 3798 ΙΙ.
276 3738 304 3797 l.
324 3755 354 3818 p.
375 3735 436 3796 297
456 3754 512 3819 sqq·
532 3781 539 3809 ,
562 3732 618 3796 ubi
637 3745 738 3797 tamen
758 3731 796 3797 de
814 3735 947 3819 Vopisco
967 3758 1030 3799 non
1051 3736 1200 3800 meminit.
1220 3733 1280 3798 sed
1298 3735 1363 3820 ipsa

211 3849 302 3912 verba
332 3847 521 3932 supprimere
550 3848 637 3926 nolo,
665 3860 700 3912 ut
727 3849 822 3912 cuivis
850 3848 903 3913 fiat
934 3849 1091 3915 iudicandi
1112 3851 1212 3934 copia.
1246 3850 1363 3913 «Totus

208 3965 260 4026 ille
281 3986 379 4026 annus
402 3985 455 4049 per
475 3963 582 4048 quinos
605 3975 636 4026 et
656 3975 817 4049 quaternos
839 3963 902 4028 dies
918 3965 979 4027 sire
998 3976 1099 4027 ternos
1118 3973 1243 4027 centum
1266 3963 1363 4025 Sena-

209 4076 324 4140 toribus
350 4075 514 4162 deputatus
543 4087 586 4141 est
615 4079 675 4156 ita,
699 4080 810 4165 utqui
833 4079 968 4142 valerent
990 4079 1161 4165 Interreges
1182 4089 1280 4143 essent
1301 4079 1363 4142 sin-

211 4193 275 4277 guli
304 4190 460 4258 duntaxat.
491 4192 593 4273 Quarc
620 4192 736 4256 lactum
763 4205 828 4272 est,
860 4206 895 4258 ut
921 4204 951 4258 et
981 4194 1084 4279 plures
1114 4217 1208 4259 annos
1235 4195 1365 4258 interre-

212 4327 308 4392 gnum
339 4307 484 4385 iniretur,
516 4330 555 4372 ne
585 4308 696 4395 aliquis
717 4309 914 4395 subaequali
935 4309 1082 4396 dignitate
1105 4313 1236 4376 Romani
1257 4334 1362 4398 expers

212 4432 382 4485 remaneret
399 4423 520 4507 imperii
532 4447 560 4488 u.
584 4423 697 4506 Aperte
717 4421 838 4486 sibimet
859 4425 923 4509 ipse
941 4425 1132 4513 obloquitur,
1156 4428 1207 4490 cui
1235 4428 1363 4513 «plures

211 4551 329 4602 annos»
356 4537 518 4622 praecedat
542 4549 647 4602 «totus
669 4538 721 4602 illc
744 4559 888 4615 annus»,
916 4559 1009 4624 quem
1031 4561 1146 4604 annum
1170 4551 1204 4604 ut
1224 4541 1366 4626 comple·
