<?xml version="1.0" encoding="UTF-8"?>
<!DOCTYPE html PUBLIC "-//W3C//DTD XHTML 1.0 Transitional//EN"
    "http://www.w3.org/TR/xhtml1/DTD/xhtml1-transitional.dtd">
<html xmlns="http://www.w3.org/1999/xhtml" xml:lang="en" lang="en">
 <head>
  <title>
</title>
<meta http-equiv="Content-Type" content="text/html;charset=utf-8" />
  <meta name='ocr-system' content='tesseract 3.04.00' />
  <meta name='ocr-capabilities' content='ocr_page ocr_carea ocr_par ocr_line ocrx_word'/>
</head>
<body>
  <div class='ocr_page' id='page_1' title='image "./disputatiocriti00hullgoog_0068.png"; bbox 0 0 3150 5275; ppageno 0'>
   <div class='ocr_carea' id='block_1_1' title="bbox 812 442 851 504">
    <p class='ocr_par' dir='ltr' id='par_1_1' title="bbox 812 442 851 504">
     <span class='ocr_line' id='line_1_1' title="bbox 812 442 851 504; baseline 0 0"><span class='ocrx_word' id='word_1_1' title='bbox 812 442 851 504; x_wconf 76' lang='lat' dir='ltr'><strong>tc</strong></span> 
     </span>
    </p>
   </div>
   <div class='ocr_carea' id='block_1_2' title="bbox 215 638 1401 1645">
    <p class='ocr_par' dir='ltr' id='par_1_2' title="bbox 215 638 1401 1645">
     <span class='ocr_line' id='line_1_2' title="bbox 256 638 1396 727; baseline -0.004 -17"><span class='ocrx_word' id='word_1_2' title='bbox 256 648 316 710; x_wconf 88' lang='lat' dir='ltr'><strong>sint</strong></span> <span class='ocrx_word' id='word_1_3' title='bbox 337 644 464 709; x_wconf 80' lang='lat' dir='ltr'><strong>annales</strong></span> <span class='ocrx_word' id='word_1_4' title='bbox 487 653 539 707; x_wconf 86' lang='lat' dir='ltr'><strong>aut</strong></span> <span class='ocrx_word' id='word_1_5' title='bbox 566 642 623 725; x_wconf 88' lang='lat' dir='ltr'><strong>ipsi</strong></span> <span class='ocrx_word' id='word_1_6' title='bbox 648 651 702 703; x_wconf 88' lang='lat' dir='ltr'><strong>aut</strong></span> <span class='ocrx_word' id='word_1_7' title='bbox 729 660 835 702; x_wconf 88' lang='lat' dir='ltr'><strong>eorum</strong></span> <span class='ocrx_word' id='word_1_8' title='bbox 858 638 1060 725; x_wconf 82' lang='lat' dir='ltr'><strong>exemplaria,</strong></span> <span class='ocrx_word' id='word_1_9' title='bbox 1093 640 1169 727; x_wconf 93' lang='lat' dir='ltr'><strong>quid</strong></span> <span class='ocrx_word' id='word_1_10' title='bbox 1190 643 1396 727; x_wconf 76' lang='lat' dir='ltr'><strong>quaeramus?</strong></span> 
     </span>
     <span class='ocr_line' id='line_1_3' title="bbox 255 753 1396 841; baseline -0.004 -17"><span class='ocrx_word' id='word_1_11' title='bbox 255 760 350 824; x_wconf 85' lang='lat' dir='ltr'><strong>Primi</strong></span> <span class='ocrx_word' id='word_1_12' title='bbox 380 757 572 823; x_wconf 82' lang='lat' dir='ltr'><strong>historiarum</strong></span> <span class='ocrx_word' id='word_1_13' title='bbox 600 756 759 841; x_wconf 86' lang='lat' dir='ltr'><strong>scriptores</strong></span> <span class='ocrx_word' id='word_1_14' title='bbox 791 774 889 839; x_wconf 93' lang='lat' dir='ltr'><strong>quum</strong></span> <span class='ocrx_word' id='word_1_15' title='bbox 909 753 1029 839; x_wconf 78' lang='lat' dir='ltr'><strong>antiqui</strong></span> <span class='ocrx_word' id='word_1_16' title='bbox 1050 756 1194 840; x_wconf 88' lang='lat' dir='ltr'><strong>temporis</strong></span> <span class='ocrx_word' id='word_1_17' title='bbox 1220 757 1396 819; x_wconf 84' lang='lat' dir='ltr'><strong>memoriam</strong></span> 
     </span>
     <span class='ocr_line' id='line_1_4' title="bbox 254 870 1398 957; baseline -0.003 -19"><span class='ocrx_word' id='word_1_18' title='bbox 254 874 331 938; x_wconf 80' lang='lat' dir='ltr'><strong>olins</strong></span> <span class='ocrx_word' id='word_1_19' title='bbox 361 874 420 938; x_wconf 88' lang='lat' dir='ltr'><strong>alio</strong></span> <span class='ocrx_word' id='word_1_20' title='bbox 448 872 606 937; x_wconf 76' lang='lat' dir='ltr'><strong>studiosior</strong></span> <span class='ocrx_word' id='word_1_21' title='bbox 635 882 666 935; x_wconf 90' lang='lat' dir='ltr'><strong>et</strong></span> <span class='ocrx_word' id='word_1_22' title='bbox 693 870 867 957; x_wconf 82' lang='lat' dir='ltr'><strong>diligentior</strong></span> <span class='ocrx_word' id='word_1_23' title='bbox 895 893 931 935; x_wconf 83' lang='lat' dir='ltr'><strong>er</strong></span> <span class='ocrx_word' id='word_1_24' title='bbox 962 872 1186 935; x_wconf 85' lang='lat' dir='ltr'><strong>commentariis</strong></span> <span class='ocrx_word' id='word_1_25' title='bbox 1216 870 1398 935; x_wconf 88' lang='lat' dir='ltr'><strong>Pontificum</strong></span> 
     </span>
     <span class='ocr_line' id='line_1_5' title="bbox 256 984 1400 1072; baseline -0.002 -22"><span class='ocrx_word' id='word_1_26' title='bbox 256 988 426 1072; x_wconf 88' lang='lat' dir='ltr'><strong>petiissent,</strong></span> <span class='ocrx_word' id='word_1_27' title='bbox 456 985 562 1050; x_wconf 92' lang='lat' dir='ltr'><strong>sedulo</strong></span> <span class='ocrx_word' id='word_1_28' title='bbox 590 984 718 1049; x_wconf 77' lang='lat' dir='ltr'><strong>ooooles</strong></span> <span class='ocrx_word' id='word_1_29' title='bbox 747 985 901 1049; x_wconf 81' lang='lat' dir='ltr'><strong>maximos</strong></span> <span class='ocrx_word' id='word_1_30' title='bbox 930 986 1147 1049; x_wconf 84' lang='lat' dir='ltr'><strong>consultassent</strong></span> <span class='ocrx_word' id='word_1_31' title='bbox 1178 985 1337 1050; x_wconf 84' lang='lat' dir='ltr'><strong>Cicerones</strong></span> <span class='ocrx_word' id='word_1_32' title='bbox 1369 996 1400 1049; x_wconf 90' lang='lat' dir='ltr'><strong>et</strong></span> 
     </span>
     <span class='ocr_line' id='line_1_6' title="bbox 253 1100 1401 1187; baseline 0 -24"><span class='ocrx_word' id='word_1_33' title='bbox 253 1101 376 1164; x_wconf 86' lang='lat' dir='ltr'><strong>fortasse</strong></span> <span class='ocrx_word' id='word_1_34' title='bbox 408 1100 557 1167; x_wconf 86' lang='lat' dir='ltr'><strong>Varrones</strong></span> <span class='ocrx_word' id='word_1_35' title='bbox 580 1100 819 1187; x_wconf 87' lang='lat' dir='ltr'><strong>Pomponiique‚</strong></span> <span class='ocrx_word' id='word_1_36' title='bbox 844 1111 994 1187; x_wconf 91' lang='lat' dir='ltr'><strong>quotquot</strong></span> <span class='ocrx_word' id='word_1_37' title='bbox 1015 1100 1126 1164; x_wconf 86' lang='lat' dir='ltr'><strong>Graeci</strong></span> <span class='ocrx_word' id='word_1_38' title='bbox 1147 1111 1177 1165; x_wconf 90' lang='lat' dir='ltr'><strong>et</strong></span> <span class='ocrx_word' id='word_1_39' title='bbox 1199 1101 1330 1164; x_wconf 83' lang='lat' dir='ltr'><strong>Romani</strong></span> <span class='ocrx_word' id='word_1_40' title='bbox 1352 1101 1401 1163; x_wconf 93' lang='lat' dir='ltr'><strong>iu-</strong></span> 
     </span>
     <span class='ocr_line' id='line_1_7' title="bbox 253 1214 1400 1300; baseline -0.002 -20"><span class='ocrx_word' id='word_1_41' title='bbox 253 1216 291 1280; x_wconf 90' lang='lat' dir='ltr'><strong>de</strong></span> <span class='ocrx_word' id='word_1_42' title='bbox 314 1215 355 1279; x_wconf 90' lang='lat' dir='ltr'><strong>ab</strong></span> <span class='ocrx_word' id='word_1_43' title='bbox 376 1214 535 1279; x_wconf 78' lang='lat' dir='ltr'><strong>Octaviani</strong></span> <span class='ocrx_word' id='word_1_44' title='bbox 556 1224 653 1278; x_wconf 87' lang='lat' dir='ltr'><strong>aetate</strong></span> <span class='ocrx_word' id='word_1_45' title='bbox 674 1214 806 1277; x_wconf 88' lang='lat' dir='ltr'><strong>scribere</strong></span> <span class='ocrx_word' id='word_1_46' title='bbox 829 1237 875 1278; x_wconf 90' lang='lat' dir='ltr'><strong>res</strong></span> <span class='ocrx_word' id='word_1_47' title='bbox 897 1217 1048 1278; x_wconf 89' lang='lat' dir='ltr'><strong>Romanas</strong></span> <span class='ocrx_word' id='word_1_48' title='bbox 1065 1225 1135 1279; x_wconf 90' lang='lat' dir='ltr'><strong>sunt</strong></span> <span class='ocrx_word' id='word_1_49' title='bbox 1148 1216 1295 1300; x_wconf 84' lang='lat' dir='ltr'><strong>aggressi,</strong></span> <span class='ocrx_word' id='word_1_50' title='bbox 1316 1216 1400 1279; x_wconf 84' lang='lat' dir='ltr'><strong>velut</strong></span> 
     </span>
     <span class='ocr_line' id='line_1_8' title="bbox 215 1327 1398 1415; baseline -0.002 -21"><span class='ocrx_word' id='word_1_51' title='bbox 215 1380 218 1385; x_wconf 83' lang='lat'><em>.</em></span> <span class='ocrx_word' id='word_1_52' title='bbox 253 1331 336 1394; x_wconf 85' lang='lat' dir='ltr'><strong>sonte</strong></span> <span class='ocrx_word' id='word_1_53' title='bbox 370 1331 520 1393; x_wconf 81' lang='lat' dir='ltr'><strong>exsiccato</strong></span> <span class='ocrx_word' id='word_1_54' title='bbox 551 1330 645 1392; x_wconf 87' lang='lat' dir='ltr'><strong>satius</strong></span> <span class='ocrx_word' id='word_1_55' title='bbox 675 1327 849 1392; x_wconf 86' lang='lat' dir='ltr'><strong>habuerunt</strong></span> <span class='ocrx_word' id='word_1_56' title='bbox 881 1329 1004 1393; x_wconf 90' lang='lat' dir='ltr'><strong>illorum</strong></span> <span class='ocrx_word' id='word_1_57' title='bbox 1037 1330 1140 1393; x_wconf 88' lang='lat' dir='ltr'><strong>rivulis</strong></span> <span class='ocrx_word' id='word_1_58' title='bbox 1172 1351 1240 1393; x_wconf 85' lang='lat' dir='ltr'><strong>suos</strong></span> <span class='ocrx_word' id='word_1_59' title='bbox 1272 1331 1398 1415; x_wconf 88' lang='lat' dir='ltr'><strong>irrigare</strong></span> 
     </span>
     <span class='ocr_line' id='line_1_9' title="bbox 255 1441 1398 1530; baseline -0.002 -23"><span class='ocrx_word' id='word_1_60' title='bbox 255 1443 399 1511; x_wconf 90' lang='lat' dir='ltr'><strong>hortulos.</strong></span> <span class='ocrx_word' id='word_1_61' title='bbox 421 1445 473 1508; x_wconf 88' lang='lat' dir='ltr'><strong>Sic</strong></span> <span class='ocrx_word' id='word_1_62' title='bbox 495 1444 604 1508; x_wconf 90' lang='lat' dir='ltr'><strong>sensim</strong></span> <span class='ocrx_word' id='word_1_63' title='bbox 623 1444 748 1508; x_wconf 89' lang='lat' dir='ltr'><strong>nomine</strong></span> <span class='ocrx_word' id='word_1_64' title='bbox 777 1445 874 1530; x_wconf 85' lang='lat' dir='ltr'><strong>magis</strong></span> <span class='ocrx_word' id='word_1_65' title='bbox 896 1466 989 1530; x_wconf 89' lang='lat' dir='ltr'><strong>quam</strong></span> <span class='ocrx_word' id='word_1_66' title='bbox 1012 1466 1043 1507; x_wconf 91' lang='lat' dir='ltr'><strong>re</strong></span> <span class='ocrx_word' id='word_1_67' title='bbox 1067 1444 1182 1528; x_wconf 89' lang='lat' dir='ltr'><strong>cogniti</strong></span> <span class='ocrx_word' id='word_1_68' title='bbox 1206 1444 1294 1529; x_wconf 87' lang='lat' dir='ltr'><strong>rulgo</strong></span> <span class='ocrx_word' id='word_1_69' title='bbox 1317 1441 1398 1508; x_wconf 84' lang='lat' dir='ltr'><strong>Pon-</strong></span> 
     </span>
     <span class='ocr_line' id='line_1_10' title="bbox 254 1556 1401 1645; baseline 0 -24"><span class='ocrx_word' id='word_1_70' title='bbox 254 1556 372 1642; x_wconf 74' lang='lat' dir='ltr'><strong>tificum</strong></span> <span class='ocrx_word' id='word_1_71' title='bbox 393 1556 538 1635; x_wconf 76' lang='lat' dir='ltr'><strong>annales,</strong></span> <span class='ocrx_word' id='word_1_72' title='bbox 567 1556 640 1620; x_wconf 85' lang='lat' dir='ltr'><strong>facti</strong></span> <span class='ocrx_word' id='word_1_73' title='bbox 662 1568 731 1621; x_wconf 87' lang='lat' dir='ltr'><strong>sunt</strong></span> <span class='ocrx_word' id='word_1_74' title='bbox 753 1560 1019 1643; x_wconf 86' lang='lat' dir='ltr'><strong>grammaticorum</strong></span> <span class='ocrx_word' id='word_1_75' title='bbox 1044 1556 1174 1643; x_wconf 87' lang='lat' dir='ltr'><strong>praeda,</strong></span> <span class='ocrx_word' id='word_1_76' title='bbox 1197 1579 1329 1645; x_wconf 93' lang='lat' dir='ltr'><strong>quorum</strong></span> <span class='ocrx_word' id='word_1_77' title='bbox 1351 1579 1401 1621; x_wconf 87' lang='lat' dir='ltr'><strong>cos</strong></span> 
     </span>
    </p>
   </div>
   <div class='ocr_carea' id='block_1_3' title="bbox 256 1670 1308 1763">
    <p class='ocr_par' dir='ltr' id='par_1_3' title="bbox 256 1670 1308 1763">
     <span class='ocr_line' id='line_1_11' title="bbox 256 1670 1308 1763; baseline 0.008 -29"><span class='ocrx_word' id='word_1_78' title='bbox 256 1673 379 1740; x_wconf 86' lang='lat' dir='ltr'><strong>Verrius</strong></span> <span class='ocrx_word' id='word_1_79' title='bbox 399 1672 526 1736; x_wconf 83' lang='lat' dir='ltr'><strong>Flaccus</strong></span> <span class='ocrx_word' id='word_1_80' title='bbox 546 1670 687 1737; x_wconf 84' lang='lat' dir='ltr'><strong>adhibuit</strong></span> <span class='ocrx_word' id='word_1_81' title='bbox 708 1695 766 1737; x_wconf 90' lang='lat' dir='ltr'><strong>uec</strong></span> <span class='ocrx_word' id='word_1_82' title='bbox 788 1674 909 1739; x_wconf 78' lang='lat' dir='ltr'><strong>fortasse</strong></span> <span class='ocrx_word' id='word_1_83' title='bbox 932 1676 1080 1760; x_wconf 85' lang='lat' dir='ltr'><strong>ignorarit</strong></span> <span class='ocrx_word' id='word_1_84' title='bbox 1102 1675 1224 1738; x_wconf 81' lang='lat' dir='ltr'><strong>Servius</strong></span> <span class='ocrx_word' id='word_1_85' title='bbox 1249 1672 1261 1762; x_wconf 96' lang='lat'>(</span> <span class='ocrx_word' id='word_1_86' title='bbox 1282 1673 1308 1763; x_wconf 89' lang='lat'><strong>).</strong></span> 
     </span>
    </p>
   </div>
   <div class='ocr_carea' id='block_1_4' title="bbox 251 1851 639 1865">
    <p class='ocr_par' dir='ltr' id='par_1_4' title="bbox 251 1851 639 1865">
     <span class='ocr_line' id='line_1_12' title="bbox 251 1851 639 1865; baseline 0.013 -5"><span class='ocrx_word' id='word_1_87' title='bbox 251 1851 639 1865; x_wconf 83' lang='lat'><strong>———--——---·--·---</strong></span> 
     </span>
    </p>
   </div>
   <div class='ocr_carea' id='block_1_5' title="bbox 290 1951 1398 2031">
    <p class='ocr_par' dir='ltr' id='par_1_5' title="bbox 290 1951 1398 2031">
     <span class='ocr_line' id='line_1_13' title="bbox 290 1951 1398 2031; baseline 0.01 -26"><span class='ocrx_word' id='word_1_88' title='bbox 290 1952 328 2023; x_wconf 83' lang='lat'><strong>(1)</strong></span> <span class='ocrx_word' id='word_1_89' title='bbox 348 1951 429 2009; x_wconf 83' lang='lat' dir='ltr'><strong>Aliud</strong></span> <span class='ocrx_word' id='word_1_90' title='bbox 446 1952 532 2008; x_wconf 85' lang='lat' dir='ltr'><strong>risum</strong></span> <span class='ocrx_word' id='word_1_91' title='bbox 550 1955 590 2008; x_wconf 81' lang='lat' dir='ltr'><strong>est</strong></span> <span class='ocrx_word' id='word_1_92' title='bbox 608 1954 722 2011; x_wconf 83' lang='lat' dir='ltr'><strong>Beckero</strong></span> <span class='ocrx_word' id='word_1_93' title='bbox 739 1956 755 2011; x_wconf 85' lang='lat'>1</span> <span class='ocrx_word' id='word_1_94' title='bbox 772 1974 798 2030; x_wconf 87' lang='lat' dir='ltr'><strong>p.</strong></span> <span class='ocrx_word' id='word_1_95' title='bbox 816 1956 865 2023; x_wconf 89' lang='grc'><strong>10,</strong></span> <span class='ocrx_word' id='word_1_96' title='bbox 883 1954 952 2011; x_wconf 89' lang='lat' dir='ltr'><strong>idem</strong></span> <span class='ocrx_word' id='word_1_97' title='bbox 968 1956 1074 2013; x_wconf 79' lang='lat' dir='ltr'><strong>Klotzio</strong></span> <span class='ocrx_word' id='word_1_98' title='bbox 1092 1958 1107 2012; x_wconf 96' lang='lat' dir='ltr'>I</span> <span class='ocrx_word' id='word_1_99' title='bbox 1126 1976 1150 2031; x_wconf 91' lang='lat' dir='ltr'><strong>p.</strong></span> <span class='ocrx_word' id='word_1_100' title='bbox 1170 1957 1220 2016; x_wconf 87' lang='grc'><strong>367</strong></span> <span class='ocrx_word' id='word_1_101' title='bbox 1233 1961 1323 2014; x_wconf 79' lang='lat' dir='ltr'><strong>annot.</strong></span> <span class='ocrx_word' id='word_1_102' title='bbox 1337 1959 1398 2016; x_wconf 79' lang='lat'><strong>526.</strong></span> 
     </span>
    </p>
   </div>
   <div class='ocr_carea' id='block_1_6' title="bbox 1574 4018 1575 4648">
    <p class='ocr_par' dir='ltr' id='par_1_6' title="bbox 1574 4018 1575 4648">
     <span class='ocr_line' id='line_1_14' title="bbox 1574 4018 1575 4648; baseline 0 0"><span class='ocrx_word' id='word_1_103' title='bbox 1574 4018 1575 4648; x_wconf 95' lang='lat' dir='ltr'><strong> </strong></span> 
     </span>
    </p>
   </div>
   <div class='ocr_carea' id='block_1_7' title="bbox 0 0 1581 5275">
    <p class='ocr_par' dir='ltr' id='par_1_7' title="bbox 0 0 1581 5275">
     <span class='ocr_line' id='line_1_15' title="bbox 0 0 1581 5275; baseline 0 0"><span class='ocrx_word' id='word_1_104' title='bbox 0 0 1581 5275; x_wconf 95' lang='lat' dir='ltr'><strong> </strong></span> 
     </span>
    </p>
   </div>
  </div>
 </body>
</html>
