3150 5275
441 1978 444 1986 Ι
523 1749 981 1907 rrrrrrru.

228 2333 377 2429 'Rogatus
405 2359 555 2432 nupera
589 2336 762 2433 Gymnasii
792 2332 899 2406 nostri
925 2326 1162 2407 Curatoribus,
1192 2333 1231 2394 ut
1251 2321 1330 2393 scri·

178 2485 296 2557 ‘berem
332 2488 477 2585 aliquam
508 2480 795 2587 dissertationem,
835 2512 918 2585 quae
955 2510 1030 2558 cum
1066 2484 1218 2582 proximo
1255 2480 1331 2551 Pro·

176 2653 366 2736 fgrammate
404 2644 600 2718 scholastico
643 2646 812 2727 ederetur,
855 2645 1003 2716 virorum
1043 2637 1329 2737 amplissimorum

180 2797 334 2892 precibus
368 2824 405 2872 eo
443 2802 527 2874 cessi
567 2801 758 2884 lubentius,
796 2826 861 2898 quo
896 2802 1000 2896 magis
1032 2797 1157 2896 gaudeo
1184 2797 1230 2867 ita
1258 2806 1328 2866 tan·

173 2949 256 3021 riom
284 2952 320 3023 in
345 2952 492 3025 scholam
519 2953 860 3028 Amsteiodamensem
884 2952 999 3024 induci
1026 2974 1176 3033 morem,
1203 2948 1261 3044 qui
1289 2947 1324 3018 in

180 3102 375 3178 Germaniae
400 3106 591 3202 Gymnasiis
620 3107 739 3204 vulgo,
773 3106 963 3204 inpatriae
991 3116 1122 3179 nostrae
1152 3101 1325 3200 perpaucis

174 3257 286 3330 *adhuc
325 3267 495 3355 receptus,
543 3259 636 3350 mihi,
662 3261 798 3356 quidem
848 3284 980 3356 semper
1013 3259 1105 3331 visus
1149 3269 1200 3330 est
1237 3256 1324 3328 haud

178 3436 245 3484 uno
279 3413 436 3498 nomine,
471 3414 554 3511 ipsis
589 3413 687 3486 etiam
724 3413 821 3486 nohis
857 3411 1071 3493 Doctoribns,
1112 3409 1323 3482 utilissimus.

176 3565 293 3663 itaque
319 3580 568 3663 argumentum,
602 3568 642 3640 de
663 3592 727 3664 quo
748 3567 965 3648 dissererem,
995 3567 1108 3638 statim
1132 3562 1323 3660 dispicienti
1353 3540 1370 3664 ἰ

177 3718 311 3792 libitum
347 3721 431 3791 mihi
459 3732 510 3795 est
537 3723 635 3795 telam
668 3722 765 3820 paulo
802 3732 878 3793 ante
903 3718 1091 3791 inchoatam
1122 3715 1221 3787 citius
1251 3737 1323 3812 per·

177 3879 305 3956 texere,
342 3883 374 3943 et
406 3873 575 3970 disputare
605 3871 645 3944 de
677 3896 714 3943 eo
743 3872 900 3943 historiae
927 3863 1234 3945 Romanaesonte,
1268 3861 1325 3934 cui

176 4023 327 4094 omnium
359 4027 595 4124 antiquissimo
627 4036 658 4096 et
688 4025 849 4120 primario
878 4046 998 4093 nomen
1029 4021 1142 4094 datum
1170 4041 1323 4090 nunanns

175 4202 309 4249 unxrur.
338 4178 441 4251 Cuius
471 4179 606 4275 quidem
638 4178 686 4250 rei
712 4178 906 4273 gravitatem
936 4174 1074 4272 probare
1100 4171 1129 4244 si
1156 4170 1324 4251 studeam,

175 4353 278 4425 paene
306 4355 410 4426 nugas
440 4355 535 4427 agere
560 4341 592 4404 et
620 4333 752 4428 ineptus
781 4331 914 4414 videar3
951 4330 979 4401 si
1011 4330 1167 4401 incusare
1185 4325 1324 4398 difficul-

175 4493 296 4568 tatem,
346 4482 431 4555 velle
475 4482 737 4565 benevolentiam
777 4493 928 4580 captare,
973 4507 1055 4580 quae
1094 4481 1161 4553 nisi
1205 4481 1324 4551 merita

624 4662 844 4764 280476
