3150 5275
742 457 783 522 75

181 675 282 741 pugna
304 654 381 719 nihil
405 656 480 718 certi
502 656 533 718 in
556 655 739 720 Pontificum
772 655 998 720 commentariis
1030 654 1156 730 debuit,
1191 664 1324 717 autnon

179 780 277 833 esseut
298 772 361 833 nati
384 769 493 834 deinde
514 772 589 835 tanti
611 793 723 836 errores
744 782 935 857 temporum,
959 793 1019 835 uon
1042 782 1130 835 natus
1151 770 1326 835 tamdirer-

177 903 226 946 sus
256 884 487 969 magistratuum
506 886 593 962 ordo,
626 885 692 949 aliis
720 886 916 973 scriptoribus
944 886 1068 950 aliunde
1097 886 1226 950 obscura
1254 888 1325 951 illu·

178 1011 271 1064 slrare
297 1002 421 1066 conatis.
450 1001 520 1082 Quo
547 1002 640 1088 igitur
669 1005 809 1089 exemplo
841 1004 987 1088 probatur
1007 1002 1210 1080 luculentius,
1235 1004 1326 1067 etiam

178 1118 210 1179 iu
228 1118 469 1202 gravissimarum
491 1139 594 1181 rerum
617 1118 782 1193 memoria,
805 1118 884 1181 intra
908 1120 1037 1203 primam
1059 1131 1089 1182 et
1099 1119 1225 1182 alteram
1237 1120 1326 1183 Urbis

178 1235 325 1320 originem
359 1246 528 1320 gestarum,
561 1232 715 1297 maximos
744 1232 872 1297 annales
899 1232 1069 1296 defecisse?
1098 1232 1193 1319 Atqui
1223 1254 1327 1296 vercor

178 1371 216 1412 ne
238 1349 302 1434 ipse
324 1348 362 1413 ad
384 1349 542 1432 Regillum
564 1348 666 1412 lacum
697 1346 812 1411 diutius
841 1348 1051 1434 pugnaverim.
1083 1347 1130 1412 td
1156 1349 1325 1433 fragmenta

176 1462 337 1527 annalium
358 1472 492 1526 revertor
514 1484 652 1548 propere.

220 1579 374 1643 Eximium
407 1579 496 1661 plane
527 1576 564 1640 de
595 1575 759 1639 annalibus
788 1574 972 1662 Pontificum
992 1578 1199 1641 testimonium
1220 1579 1325 1644 Cicero

179 1695 302 1760 exhibet
321 1695 358 1758 de
378 1717 409 1759 re
429 1693 515 1778 publ.
540 1694 565 1757 Ι.
589 1692 648 1770 16,
670 1690 753 1776 quod
776 1712 838 1777 quo
861 1703 905 1755 est
927 1694 1066 1778 gravius,
1086 1695 1128 1758 ita
1146 1716 1199 1757 nos
1211 1695 1326 1758 tenebit

167 1810 301 1876 diutius.
324 1810 385 1875 libi
404 1811 485 1873 enirn
508 1831 544 1871 er
566 1808 716 1892 Scipionis
738 1828 863 1891 persona
882 1806 987 1870 docuit
999 1855 1007 1884 ,
1019 1805 1177 1871 Thaletem
1190 1809 1324 1893 primum

178 1926 304 2005 vidisse,
326 1927 418 1990 solem
444 1925 536 1987 lunae
560 1922 731 2007 oppositum
752 1919 884 1984 deficere
901 1969 910 1998 ,
928 1922 971 1985 sic
989 1923 1108 2007 pergit:

281 2155 315 2211 Id
341 2158 429 2211 autem
452 2157 542 2226 postea
560 2170 593 2207 ne
609 2156 729 2208 nostrum
746 2150 850 2222 quidem
868 2151 984 2206 Ennium
1000 2151 1086 2222 fugit,
1105 2151 1151 2223 qui
1168 2154 1199 2205 ut
1216 2150 1324 2218 scribit,

248 2271 316 2309 anno
334 2252 514 2308 trecentesimo
532 2254 560 2305 et
578 2250 792 2323 quinquagesimo
810 2250 864 2305 lere
881 2254 942 2323 post
958 2250 1070 2307 Romam
1087 2250 1234 2318 conditam,

438 2353 518 2406 Nonis
536 2352 639 2406 Iunonis
656 2352 703 2405 soli
720 2352 781 2405 leno
799 2352 894 2405 obstitit
911 2354 936 2404 et
952 2367 1000 2403 noe
1020 2350 1067 2419 (1).

248 2450 337 2521 Atque
361 2450 410 2505 hac
431 2449 461 2503 in
485 2466 513 2503 re
538 2451 614 2503 tanta
640 2448 709 2503 inest
731 2448 799 2503 ratio
827 2453 906 2519 alque
933 2448 1064 2515 sollertia,
1091 2453 1123 2503 ut
1148 2467 1180 2503 ex
1197 2449 1246 2503 hoc
1265 2448 1326 2517 die,

248 2567 325 2622 quem
354 2548 424 2622 apud
455 2548 569 2603 Ennium
592 2550 619 2603 et
642 2546 670 2602 in
693 2550 807 2602 masinae
829 2549 963 2602 noualibus
988 2547 1170 2619 consignatum
1192 2547 1327 2617 videmuS,

249 2649 393 2722 superiores
411 2649 472 2706 solis
490 2649 647 2705 delectiones
665 2651 802 2721 repulatae
820 2647 889 2716 sint,
907 2667 990 2720 usque
1008 2649 1042 2705 ad
1057 2650 1147 2718 illam,
1165 2669 1232 2722 quae
1243 2651 1327 2706 Nonis

249 2747 425 2818 Quinctilibus
452 2749 503 2806 fuit
526 2753 651 2822 regnante
669 2748 800 2816 Romulo,
818 2748 913 2820 quibus
932 2748 1036 2820 quidem
1052 2748 1195 2804 Romulum
1212 2748 1326 2804 tenebris

246 2879 282 2892 -
298 2853 394 2905 natura
412 2850 445 2906 ad
461 2851 603 2906 humanum
620 2849 718 2905 exitum
738 2847 861 2921 abripuit.

212 3218 250 3290 (1)
274 3219 319 3274 Ita
340 3219 443 3276 demum
463 3218 600 3287 Enniana,
621 3238 688 3292 quae
711 3220 745 3276 ad
766 3221 886 3278 annalem
907 3222 949 3278 IV
967 3220 1133 3288 referuntur,
1151 3223 1257 3275 auctore
1276 3235 1324 3273 auo

176 3315 256 3389 digna
281 3322 354 3391 puto.
385 3319 466 3373 Nonis
491 3319 563 3374 Iouis
586 3318 666 3390 vulgo
689 3318 803 3391 legitur,
819 3319 889 3391 quod
906 3338 987 3391 quum
1005 3319 1094 3375 Maius
1109 3322 1137 3375 et
1156 3318 1324 3375 Heinrichius

173 3415 315 3472 tribuerint
341 3417 475 3485 Ciceroni,
502 3436 602 3473 srunmo
621 3419 677 3474 iure
695 3419 780 3474 Ennio
797 3418 964 3474 reddidemnt
980 3419 1220 3492 spangenbergius‚
1238 3419 1323 3475 Lach-

174 3532 285 3570 mannus
310 3516 426 3587 (Lucrel.
450 3516 485 3573 V.
505 3520 548 3590 85)
568 3523 596 3574 et
611 3519 763 3588 vehimus,
781 3524 813 3575 nt
829 3519 986 3575 reddendum
1004 3518 1164 3575 Niebuhrius
1180 3517 1281 3574 censuit
1297 3517 1325 3572 in

173 3613 242 3669 Add.
260 3613 321 3669 Vol.
340 3615 355 3668 I
371 3635 397 3687 p.
420 3617 470 3671 ata
491 3617 523 3672 ed
546 3619 589 3672 2³⁰·
601 3619 662 3674 Mea
671 3618 850 3675 emendatione
859 3619 978 3692 expletur
985 3620 1135 3675 hexameter
1142 3623 1170 3674 et
1177 3617 1326 3673 vindicatur

173 3719 258 3776 Ilnnio
277 3739 355 3791 quam
381 3720 515 3779 adamavit
541 3703 700 3793 ἕπῆχησις,
717 3724 809 3780 similis
833 3725 986 3780 Naevianae
1006 3726 1139 3784 amomi&
1155 3725 1323 3779 immortalem

171 3820 199 3872 et
224 3817 364 3874 Plautinae
392 3824 507 3876 inumeri
534 3824 675 3878 incomesta
703 3823 774 3896 apud
791 3822 905 3879 Gellium
920 3823 955 3879 N.
973 3823 1006 3878 A.
1023 3823 1047 3878 Ι.
1065 3823 1107 3876 24.
1127 3821 1220 3876 Metaris
1237 3824 1326 3876 autern

173 3919 293 3973 Iunonius
318 3919 430 3990 probata
456 3919 508 3975 fuit
534 3921 649 3992 antiquis
674 3921 874 3994 dictio,‘quam
896 3922 1031 3978 illustrant
1053 3919 1165 3975 Ovidius
1181 3918 1255 3975 Fast.
1272 3919 1325 3974 VI.

175 4017 208 4071 59
226 4037 282 4090 sqq.
312 4022 339 4073 el
362 4018 511 4075 Macrobius
533 4019 587 4077 Sat.
616 4019 639 4075 I.
670 4021 712 4075 ta.
743 4021 794 4088 30,
828 4020 937 4076 laudans
964 4020 1022 4076 Nisi
1051 4017 1248 4075 commentarios
1279 4017 1327 4072 Fa.-

172 4118 280 4171 storum.
298 4116 339 4172 ef.
361 4117 424 4173 ibid.
441 4119 531 4173 Ianus.
558 4117 681 4173 Celerum
698 4137 833 4191 perperam
850 4121 942 4174 contra
958 4116 1132 4172 Niebuhrium
1148 4115 1284 4171 Vahlenus
1300 4134 1326 4187 p.

172 4213 266 4268 XLIV
283 4215 439 4284 contendit,
462 4216 517 4276 aad
532 4235 581 4272 ooo
599 4234 689 4272 vocem
706 4215 778 4272 aliud
795 4216 906 4272 verbum
922 4214 1003 4270 luisse
1020 4213 1138 4287 proximo
1146 4232 1226 4268 versu
1240 4211 1325 4267 subie-

172 4314 259 4380 ctum,
284 4311 407 4368 omissum
430 4333 446 4368 a
471 4313 627 4369 Oiee'roner:
651 4333 712 4369 nam
729 4320 754 4369 et
774 4313 838 4369 luna.
852 4319 877 4368 et
893 4330 946 4369 nox
962 4312 1084 4380 obstitit,
1110 4315 1142 4368 ut
1157 4305 1232 4368 docet
1249 4311 1328 4366 etiam

171 4427 231 4464 mox
255 4408 401 4465 laudandus
428 4410 544 4467 Zeohius.
570 4410 612 4467 Sic
629 4411 657 4467 in
675 4412 821 4485 fragmento
839 4411 1002 4480 catoniano,
1033 4411 1104 4483 quod
1119 4411 1188 4466 inira
1203 4410 1326 4478 afferam,

175 4540 186 4566 a
195 4509 257 4564 solis
279 4509 371 4565 lumini
396 4510 480 4582 caligo
498 4510 651 4568 obstitisset
679 4509 791 4578 dieitur,
814 4510 860 4566 ubi
877 4513 967 4567 lemine
983 4510 1062 4565 miror
1079 4508 1112 4564 ab
1130 4506 1240 4564 Hertzio
1256 4507 1324 4562 inta-

171 4609 242 4662 ctum
260 4607 388 4664 relictum.
