3150 5275
822 434 860 493 lb

253 654 336 697 verse
365 642 394 693 et
424 628 518 692 habiti
545 641 614 693 sunt
636 640 666 693 et
688 631 772 695 luere
795 653 932 696 summae
955 632 1108 695 vetustatis
1130 640 1336 694 monumenta.
1359 630 1405 694 Cf.

254 747 355 811 Livius
378 745 430 813 vr
457 745 663 811 1.10.1fin0
691 745 766 810 aueo
795 748 902 811 cicero
929 745 967 810 ue
998 746 1081 811 orat.
1105 747 1132 810 1.
1157 748 1209 811 rs.
1234 748 1316 810 195:
1346 729 1408 809 «ss

253 882 347 949 quern
379 861 503 947 antiqua
532 858 630 923 studia
661 858 838 938 delectant,
868 862 1001 947 plurima
1032 873 1076 925 est
1105 872 1135 924 et
1167 863 1200 925 iu
1230 860 1314 925 omni
1340 860 1407 923 iure

254 976 338 1039 cirili
364 985 395 1037 et
423 976 455 1037 in
482 970 669 1060 Pontificum
698 974 787 1039 libris
812 985 842 1039 et
868 977 900 1039 in
922 978 981 1041 Xll
1003 976 1115 1040 tabulis
1136 976 1325 1061 antiquitatis
1343 973 1410 1037 effi-

255 1094 338 1179 gies,
369 1089 450 1177 quod
478 1102 509 1155 et
535 1091 694 1155 verborum
718 1093 816 1177 prisca
841 1101 970 1154 vetustas
991 1091 1184 1177 cognoscitur
1205 1100 1235 1152 et
1255 1089 1410 1151 actionum

253 1227 364 1293 genera
389 1202 540 1290 quaedam
569 1206 719 1269 maiorum
745 1204 1000 1271 consuetudinem
1028 1206 1184 1291 vitamque
1210 1203 1366 1268 declarant
1376 1226 1407 1267 a.

252 1318 395 1385 Eiusdem
435 1318 479 1381 rei
513 1317 588 1380 alter
619 1318 756 1403 locuples
782 1320 865 1383 testis
892 1320 1033 1383 Horatius
1058 1331 1119 1397 est,
1141 1321 1195 1405 qui
1213 1320 1291 1405 lipp.
1312 1318 1353 1382 ll.
1379 1321 1408 1381 1.

254 1436 295 1498 23
316 1455 381 1520 sqq.
406 1432 620 1495 obscuritatem
645 1444 767 1511 notans,
797 1435 968 1519 priscorum
996 1433 1215 1497 vocabulorum
1237 1455 1296 1497 usu
1314 1453 1408 1517 quae-

254 1553 360 1628 sitam,
395 1548 489 1613 libros
520 1545 705 1631 Pontificum
737 1548 877 1612 meminit
903 1549 935 1612 in
966 1550 1069 1633 patriis
1098 1549 1304 1612 monumentis
1330 1546 1409 1610 anti·

255 1664 416 1752 quissimis:

386 1775 437 1840 Sic
459 1777 563 1859 scotor
582 1782 737 1853 veterum,
761 1783 795 1839 ut
816 1774 937 1839 tabulas
955 1794 1083 1859 peccora
1104 1784 1257 1851 aetantes,

386 1890 467 1967 Quos
489 1888 535 1953 bis
556 1889 689 1973 quinque
711 1888 771 1952 viri
793 1898 982 1967 senserunt,
1005 1889 1132 1975 foedera
1154 1890 1273 1975 Regum

388 2002 443 2067 Vel
469 2002 574 2067 Gabiis
597 2002 645 2066 vel
667 2022 737 2067 cum
758 2002 871 2089 rigidis
892 2013 1022 2089 aequato
1046 2003 1190 2082 Sabinis,

388 2110 706 2195 Pontificumlihros,
728 2138 844 2183 corroso
866 2118 1024 2183 volumino
1044 2127 1169 2194 uotum,

390 2232 513 2297 Dictitet
534 2231 652 2296 Albooo
675 2232 835 2297 llusas‘io
857 2243 959 2297 monte
982 2233 1105 2298 locutos.

256 2350 359 2431 Quem
382 2348 484 2411 locum
504 2348 692 2410 conterentes
713 2368 785 2410 cum
798 2347 1005 2432 superioribus
1016 2346 1091 2432 quid
1103 2366 1246 2409 curemus
1258 2366 1409 2429 gramma·

260 2466 352 2541 ticos,
377 2484 508 2549 quorum
528 2460 695 2548 Porphyris
716 2460 846 2539 dubitat,
870 2460 999 2525 oooolcs
1020 2455 1412 2543 Horatiusaniusl’ootifi·

255 2596 326 2642 cum
358 2575 591 2662 significaverit,
621 2576 767 2641 audacter
796 2578 876 2641 Acro
906 2574 1001 2640 libros
1022 2572 1150 2638 annales
1171 2571 1410 2659 interpretatur?

255 2693 319 2758 Nec
352 2692 445 2777 probo
475 2689 618 2778 equidem
649 2693 856 2756 coniecturam
880 2692 1010 2768 Clerici,
1031 2714 1061 2776 p.
1089 2693 1171 2769 129,
1195 2711 1289 2775 quam
1311 2701 1410 2752 motus

253 2788 373 2871 iisdem*
395 2804 516 2868 scholiis
548 2806 621 2868 lecit
653 2804 847 2884 dubitanter,
881 2828 956 2869 num
986 2805 1062 2869 forte
1091 2805 1232 2868 Horatius
1261 2827 1323 2868 uno
1355 2805 1407 2867 illo

252 2921 375 2985 nomine
407 2937 529 2982 orooes
560 2919 654 2983 libros
686 2919 873 3004 Pontificum
904 2919 1127 3006 designaverit,
1161 2929 1191 2982 et
1222 2919 1348 2982 rituales
1378 2929 1408 2981 et

252 3033 418 3098 historicos.
449 3030 537 3096 Libri
566 3055 669 3098 vereor
700 3046 734 3098 ut
762 3037 823 3099 sint
855 3058 873 3100 a
905 3056 1062 3123 quoquam
1089 3036 1236 3119 scriptore
1258 3032 1334 3097 dicti
1356 3053 1410 3118 pro

251 3149 419 3225 tabulario,
449 3148 711 3234 quemadmodum
742 3173 759 3213 a
789 3150 874 3214 Livio
889 3151 1110 3214 commentarii.
1129 3188 1172 3200 -
1190 3149 1227 3212 At
1244 3150 1277 3212 in
1299 3153 1407 3232 podta,

252 3264 390 3350 inquies,
420 3263 491 3326 talia
524 3285 584 3328 non
621 3276 692 3328 sunt
720 3264 759 3328 ad
792 3267 936 3328 amussim
963 3264 1121 3351 erigenda.
1161 3264 1285 3326 «Poetis
1318 3261 1410 3347 quid·

252 3378 328 3441 libet
349 3375 482 3440 audendi
505 3398 624 3461 semper
644 3378 702 3441 suit
721 3401 821 3467 aequa
843 3391 972 3465 potestas
982 3404 1012 3444 u.
1034 3379 1136 3461 Quid,
1158 3375 1241 3463 quod
1263 3377 1344 3439 lavet
1364 3375 1411 3438 illi

254 3494 449 3556 coniecturae
466 3491 693 3572 Quinctilianus
716 3495 800 3562 VIlI.
826 3497 856 3560 b.
883 3498 944 3571 1⁶2,
973 3497 1005 3557 in
1029 3517 1061 3557 re
1085 3493 1240 3555 simillima
1259 3511 1413 3555 commcn-

258 3606 351 3670 torios
372 3603 554 3672 Pontificum
575 3605 727 3672 afferens?
745 3646 787 3656 —
805 3608 851 3672 Ad
863 3621 1029 3696 utrumque
1042 3606 1241 3693 respondebo.
1253 3607 1411 3683 Primum,

256 3720 407 3808 quidquid
438 3721 511 3784 licet
540 3722 635 3806 poetis
665 3734 719 3786 aut
748 3724 807 3787 sibi
835 3725 928 3787 licere
959 3729 1067 3809 poetae
1089 3722 1290 3800 arbitrantur,
1313 3730 1357 3784 est
1375 3742 1412 3784 ea

255 3838 316 3900 sire
338 3837 423 3900 venia
444 3835 506 3900 sive
526 3835 654 3902 audacia
674 3839 764 3902 certis
782 3839 929 3902 limitibus
948 3840 1189 3924 circumscripta,
1213 3857 1314 3923 «quos
1332 3838 1414 3900 ultra

255 3952 392 4036 citraque
420 3951 528 4036 nequit
556 3953 717 4014 consistere
746 3963 907 4018 rectum».
940 3954 1002 4018 Nisi
1033 3955 1178 4030 luissent,
1208 3952 1261 4038 qui
1289 3951 1412 4036 proprie

256 4066 483 4153 appellarentur·
513 4064 617 4128 libri
644 4063 852 4150 Pontificum,
884 4079 983 4152 posset
1013 4069 1134 4130 fortasse
1166 4067 1198 4128 in
1231 4071 1320 4150 podta
1350 4087 1411 4128 non

256 4203 346 4266 aegre
376 4180 467 4255 ferri,
497 4180 578 4266 quod
612 4182 811 4258 eonomine,
857 4184 995 4269 quamvis
1030 4180 1115 4244 nullo
1145 4180 1304 4264 exemplo,
1334 4177 1413 4240 desi·

262 4308 380 4382 guasset
413 4305 539 4359 cunctos
571 4297 783 4383 cuiuscunque
814 4297 934 4383 generis
957 4295 1190 4360 commentarios
1212 4293 1413 4369 Pontificum

258 4431 341 4474 nuuc
371 4411 411 4475 ab
442 4411 564 4475 Horatio
597 4410 762 4495 exspectari
792 4409 869 4473 illud
891 4432 953 4474 non
976 4420 1083 4496 potest.
1106 4410 1170 4473 Nec
1192 4408 1271 4473 mibi
1293 4408 1414 4472 Cicero·

259 4544 351 4601 nem,
376 4546 498 4609 gravem
526 4524 557 4588 in
581 4525 685 4609 primis
711 4535 839 4601 testem,
863 4525 904 4589 ita
927 4526 1161 4610 contempseris,
1183 4535 1217 4588 ut
1239 4521 1314 4587 huic
1336 4543 1415 4609 quo·
