3150 5275
823 452 862 512 ta

277 654 544 740 grammaticorum
575 672 699 739 cogam,
731 649 837 715 eadem
860 651 975 714 ratione
997 672 1075 738 quae
1095 653 1245 717 contraria
1269 652 1427 719 rideantur

275 790 425 853 compono
456 768 568 832 omnia.
598 768 664 831 lam
696 765 832 850 primum
861 764 983 829 Festum
1014 768 1181 852 proteram,
1212 792 1230 833 a
1261 792 1323 857 quo
1338 769 1422 851 ‚baec

274 882 461 969 deprompsit
483 882 596 947 Paulus
619 882 771 947 Diaconus
791 881 836 944 xl
857 902 887 965 p.
911 884 990 944 126:

382 1084 490 1139 Mocimi
513 1082 616 1137 curetes
638 1079 841 1153 appellabantur
864 1098 918 1136 non
934 1081 1128 1153 magnitudine,
1147 1083 1192 1139 sed
1209 1085 1279 1157 quod
1296 1104 1340 1142 eos
1358 1088 1425 1143 Pon·

343 1182 412 1237 tifex
429 1180 562 1236 Maximus
580 1182 730 1253 confecisset.

275 1398 336 1463 Cur
364 1395 448 1469 hunc
483 1407 569 1481 putes
602 1395 796 1460 subiunctiro
828 1396 942 1460 usum?
965 1398 1031 1461 Non
1053 1398 1113 1461 alio
1132 1396 1258 1483 quidem
1277 1397 1420 1475 comitio,

272 1531 366 1598 quam
389 1531 450 1597 quo
471 1508 552 1595 apud
574 1508 779 1587 Macmbium,
808 1511 870 1576 Sat.
899 1511 956 1576 Ill.
988 1514 1008 1574 t
1032 1534 1054 1577 s.
1076 1511 1117 1589 Ε,
1148 1513 1217 1575 satis
1235 1512 1344 1590 simili,
1368 1510 1421 1575 sed

272 1626 389 1692 sordide
410 1626 522 1710 scripto
542 1627 610 1689 loco
634 1627 774 1689 voculam
797 1625 887 1710 quasi
909 1637 1083 1712 usurpatam
1105 1627 1246 1712 legimus.

378 1824 556 1880 Pontificibus
574 1824 699 1898 permissa
716 1828 757 1880 est
775 1827 892 1897 potestas
909 1824 1058 1880 memoriam
1075 1843 1162 1880 rerum
1179 1828 1312 1897 gestarum
1337 1826 1365 1880 in
1384 1829 1423 1881 ta-

346 1922 421 1978 bulas
445 1921 607 1990 conferendi,
630 1926 659 1977 et
681 1923 728 1977 hos
751 1925 855 1978 conclea
872 1922 1008 1995 appellant
1026 1921 1146 1993 equidem
1164 1925 1296 1991 munros,
1314 1924 1388 1994 quasi
1405 1942 1421 1977 a

345 2020 517 2075 Pontificibus
535 2020 660 2077 Maximis
677 2020 770 2077 factos.

268 2239 354 2321 Quae
383 2236 465 2324 quod
490 2235 608 2300 sordide
636 2237 746 2321 scripta
780 2235 938 2314 dicebam,
968 2238 1020 2301 cui
1052 2247 1133 2301 recte
1165 2236 1283 2302 dictum
1315 2237 1417 2303 ridea-

269 2366 334 2431 tur,
366 2354 499 2439 primum
532 2351 692 2417 Pontifices
722 2373 824 2416 rerum
854 2363 1007 2438 gestarum
1037 2354 1216 2417 memoriam
1245 2353 1277 2416 in
1299 2351 1418 2416 tabulas

268 2469 448 2545 contulisse,
470 2466 579 2532 deinde
597 2469 676 2553 ipsas
693 2466 747 2531 has
765 2468 884 2532 tabulas
902 2466 955 2554 (cl.
978 2490 1009 2553 p.
1034 2471 1074 2531 54
1095 2469 1153 2555 sq.)
1173 2470 1339 2555 appellatas
1354 2491 1417 2533 esse

270 2581 399 2648 nocctes
418 2580 590 2661 mactatos,
614 2584 703 2668 quusi
724 2594 857 2647 essenta
879 2582 1015 2646 Maximis
1041 2582 1240 2648 Pontificibus
1262 2583 1417 2649 contecti?

268 2701 327 2768 Vix
339 2699 469 2765 dubium
481 2710 542 2777 est,
554 2700 719 2785 quinquae
731 2699 852 2784 legisset
867 2699 993 2762 meliora
1009 2709 1040 2762 et
1059 2699 1224 2783 ampliora,
1247 2699 1418 2763 Macrobius

268 2815 458 2901 excerpendo
496 2813 691 2878 mutilaverit.
726 2814 854 2899 Utrique
886 2823 988 2876 autem
1020 2813 1192 2876 testimonio
1225 2823 1354 2898 praestat
1380 2835 1417 2877 eo

267 2934 389 2998 nominc
415 2929 633 3009 Diomedeum,
657 2928 738 3017 quod
759 2929 872 3014 legitur
893 2929 939 2991 Ill
959 2950 988 3013 p.
1012 2930 1074 2992 480
1095 2927 1144 2993 ed.
1167 2927 1291 2993 Putseb.

371 3105 483 3158 Annales
495 3105 605 3174 publici,
625 3119 691 3175 quos
708 3101 848 3156 Pontifices
866 3100 1017 3170 scribaeque
1034 3101 1182 3157 conficiunt.
1202 3103 1241 3172 (1)

265 3291 353 3372 Quae
384 3302 485 3354 tamen
517 3288 700 3353 scribentem
728 3287 907 3353 Diomedem
948 3309 1009 3352 non
1041 3288 1088 3350 sui
1122 3287 1266 3371 temporis
1294 3308 1442 3350 morem¹

265 3406 434 3491 respicere,
470 3425 531 3490 quo
574 3403 667 3467 ducat
706 3424 845 3488 praesens
886 3424 904 3465 <r
913 3401 1081 3465 conficiunt
1091 3424 1129 3479 o,
1162 3399 1215 3464 sed
1257 3412 1415 3465 auctorem

263 3520 350 3605 sequi
381 3519 479 3582 multo
508 3518 730 3603 antiquiorem,
770 3517 828 3578 nisi
859 3516 920 3579 iam
951 3516 1004 3578 alii
1034 3516 1234 3590 monuissent,
1271 3538 1316 3579 res
1349 3517 1415 3600 ipsa

264 3643 411 3696 moneret.
435 3632 463 3694 Is
480 3631 574 3716 igitur
585 3653 657 3694 cum
672 3630 872 3694 Pontificibus
892 3631 1002 3695 diserte
1024 3630 1116 3694 etiarn
1134 3630 1247 3693 scribas
1264 3631 1412 3707 nominat,

263 3767 339 3832 quos
381 3767 478 3831 quum
511 3745 635 3832 oblique
668 3746 770 3810 Festus
805 3757 835 3808 et
869 3745 1040 3810 Macrobius
1067 3747 1204 3812 indicare
1234 3746 1413 3824 rideantur,

263 3861 384 3925 fortasse
433 3860 562 3924 Servius
600 3859 775 3937 intellexit,
818 3861 872 3946 qui
909 3872 991 3925 certe
1034 3870 1176 3927 <coeteros
1214 3865 1411 3928 retulerunt»

240 3996 324 4038 *non
369 3975 433 4037 sine
477 3994 569 4039 causa
606 3973 739 4059 scripsit,
782 3974 838 4037 nisi
884 3976 974 4040 unice
1017 3975 1055 4040 de
1086 3959 1220 4062 tempore
1254 3979 1415 4043 remotiore

263 4171 641 4185 ————--——-——-

299 4280 337 4350 (l)
357 4277 452 4334 Futilis
480 4282 522 4333 est
549 4295 616 4351 quae
643 4277 748 4333 additur
774 4295 867 4333 cansa:
887 4278 977 4350 rqnod
994 4279 1172 4337 Romanorum
1188 4300 1230 4338 res
1248 4283 1414 4341 declarante.

263 4375 325 4432 Hoc
341 4375 410 4430 enirn
428 4374 450 4430 si
469 4374 635 4446 procederet,
661 4374 728 4430 nulli
745 4394 799 4431 non
817 4376 923 4432 annales
941 4378 1119 4434 Romanorum
1131 4383 1230 4452 publici
1246 4381 1358 4436 fuissent
1375 4381 1415 4436 di·

262 4472 343 4530 cendi.
363 4472 440 4542 Quod
457 4475 546 4528 antem
563 4471 664 4528 scribae
682 4477 872 4542 memorentur,
891 4476 1021 4532 Beckerm
1038 4477 1054 4531 I
1071 4495 1097 4549 p.
1117 4482 1132 4532 5
1151 4497 1210 4534 ann.
1230 4479 1324 4535 3alios
1332 4479 1414 4535 etiam

260 4571 341 4627 libros
358 4571 470 4643 intelligi
488 4589 563 4644 posse
581 4571 717 4643 opinatur,
736 4575 767 4628 ut
786 4578 967 4630 commentarios
984 4577 1011 4630 et
1030 4577 1105 4632 libros
1122 4579 1279 4649 Pontificum.
