3150 5275
806 414 851 479 30

252 608 345 673 risum
376 631 497 677 morere
531 614 668 681 soluerit.
701 614 782 696 Quid
816 614 929 680 enimi
961 614 1019 678 Pro
1050 617 1221 703 fragmento
1252 618 1406 699 venditat,

251 723 333 812 quod
354 725 456 790 Livius
476 737 602 791 testatur
620 728 644 796 1.
665 730 716 795 δῖ.
739 732 778 807 2,
799 730 880 795 Anci
900 730 1007 793 ldarcii
1023 728 1109 795 iussu
1126 730 1306 798 Pontificem
1322 756 1408 800 sacra

251 841 375 926 publica
407 864 444 907 ex
479 844 705 908 commentariis
736 845 858 912 Numae
888 845 922 909 in
953 843 1061 910 attam
1095 846 1187 910 relata
1220 849 1408 933 proposuisse

249 956 283 1019 in
306 955 441 1041 publico.
466 958 607 1021 Tertium
629 958 716 1023 finxit
738 970 853 1026 temere
879 957 923 1046 (p.
946 961 1010 1036 28,
1032 960 1071 1023 91
1096 980 1164 1045 sq.,
1189 959 1265 1047 566)
1291 983 1406 1041 exeo,

249 1069 331 1157 quod
359 1072 472 1155 legitur
492 1072 622 1161 XXVIl.
649 1072 680 1138 8.
704 1059 741 1149 9',
764 1072 821 1135 ubi
842 1071 875 1139 C.
898 1072 1025 1148 Flacco,
1058 1071 1186 1137 Flamini
1210 1074 1308 1150 Diali,
1330 1098 1348 1139 a
1374 1078 1407 1143 1..

247 1189 363 1253 Licinio
398 1188 538 1253 Praetore
567 1190 615 1253 ius
649 1191 681 1255 in
710 1199 849 1252 senatum
878 1185 1053 1251 introeundi
1086 1199 1232 1274 negatum
1265 1188 1405 1258 traditur.

252 1304 422 1379 «Praetor,
445 1304 546 1389 inquit
568 1304 683 1379 Livius,
705 1325 764 1366 uon
783 1302 908 1365 exoletis
940 1312 1085 1365 vetustate
1115 1304 1277 1369 annalium
1304 1328 1408 1371 exem·

249 1419 306 1506 plis
324 1430 401 1483 stare
420 1422 487 1497 ius,
512 1419 564 1483 sed
589 1418 813 1482 recentissimae
833 1418 984 1505 cuiusque
1003 1418 1232 1483 consuetudinis
1249 1443 1308 1485 usu
1326 1422 1410 1485 role-

253 1534 322 1611 bat,
347 1555 405 1597 nec
428 1544 549 1620 patrum
571 1555 629 1597 nec
650 1555 774 1597 arorurn
797 1532 943 1596 memoria
966 1531 1084 1595 Dialem
1106 1553 1295 1620 quemquam
1312 1533 1345 1599 id
1362 1538 1409 1600 ius

253 1670 450 1734 usurpasse».
484 1648 520 1711 In
541 1647 669 1712 eandem
702 1649 883 1711 sententiam
913 1645 1073 1709 inclinarit
1102 1646 1247 1732 quidem,
1276 1648 1327 1711 sed
1348 1670 1409 1713 non

248 1766 324 1829 abiit
344 1766 498 1829 Beckerus
524 1764 557 1853 (l.
574 1766 594 1829 l.
618 1786 648 1847 p.
671 1761 718 1850 9),
737 1760 904 1847 prudenter
922 1758 1182 1836 animadvertens,
1208 1781 1294 1843 posse
1316 1761 1408 1825 etiam

250 1883 369 1945 binium
393 1882 549 1946 rideriita
573 1878 688 1942 desua
712 1897 838 1961 persona
869 1875 1005 1945 locutum
1033 1895 1115 1951 esse,
1147 1885 1240 1960 atque
1270 1874 1408 1937 universe

253 1995 392 2080 exempla
416 1996 525 2080 respici
545 1993 654 2057 vetusti
674 1990 839 2075 temporis3
861 2009 924 2074 quo
946 1988 1025 2051 nihil
1041 1989 1137 2073 magis
1155 1999 1186 2051 et
1204 1988 1313 2053 rationi
1331 2008 1407 2052 con-

248 2120 427 2173 sentaneum
447 2120 491 2171 est
510 2118 557 2184 et,
581 2118 614 2170 ut
625 2126 656 2189 p.
669 2105 711 2169 Ἦ)
723 2123 788 2190 sqq.
808 2127 843 2167 ex
864 2102 1011 2169 Cicerone
1029 2100 1137 2179 effeci,
1155 2102 1283 2169 veritati.
1302 2101 1406 2183 Quid,

249 2218 329 2305 quod
354 2244 381 2284 a.
396 2221 432 2284 U.
445 2222 508 2285 544
529 2240 586 2284 nec
598 2221 760 2306 quisquam
772 2220 929 2282 Romanus
939 2216 1079 2302 privatim
1092 2216 1252 2301 scripserat
1262 2217 1407 2292 annales,

248 2354 306 2397 neo
329 2334 459 2397 consecti
482 2346 585 2411 eraut,
609 2346 643 2398 ut
664 2334 738 2419 Cap.
760 2335 791 2399 ll
819 2332 993 2409 ostendam,
1016 2331 1160 2417 publici?
1191 2331 1347 2409 Tandem,
1375 2342 1411 2395 ut

249 2446 287 2511 de
314 2459 422 2533 quarto
441 2449 508 2513 loco
527 2450 650 2514 Liriano
671 2450 842 2524 absolvam,
866 2450 979 2533 legitur
1003 2447 1057 2514 IV.
1082 2433 1134 2512 ⁶20.
1156 2450 1195 2519 8,
1228 2448 1284 2510 ubi
1311 2468 1406 2532 quae-

247 2562 315 2624 sivit
336 2561 454 2640 Livius,
480 2563 516 2625 Α.
538 2562 627 2628 Corn.
651 2564 756 2629 Cossus
778 2563 972 2628 Tribunusue
991 2562 1123 2625 militum
1142 2583 1182 2625 an
1201 2560 1312 2626 Consul
1324 2583 1353 2624 a.
1366 2560 1403 2623 U.

251 2679 311 2740 317
342 2677 475 2741 secunda
501 2679 595 2763 spolia
626 2679 729 2763 opima
758 2679 884 2741 Feretrii
912 2676 991 2740 Ioris
1020 2675 1135 2758 templo
1159 2675 1307 2739 intulerit.
1337 2674 1408 2756 Quo

249 2793 316 2854 loco
347 2790 518 2855 doctissima
549 2791 753 2878 disputatione
776 2793 924 2858 illustrato
949 2792 1013 2855 iam
1032 2790 1207 2857 Perizonius
1233 2786 1409 2876 (Animadr.

249 2905 317 2970 hist.
343 2906 413 2994 VII)
440 2905 629 2991 Pontificum
655 2907 783 2973 annales
814 2907 981 2982 intellexit,
1010 2925 1103 2992 quem
1133 2917 1200 2971 tum
1227 2907 1281 2968 alii
1311 2904 1408 2969 secuti

248 3033 336 3097 sunt,
356 3032 420 3084 tum
443 3021 598 3086 Beclrerus
624 3022 656 3110 (l.
680 3025 702 3087 l.
727 3047 756 3106 p.
783 3022 848 3109 10).
867 3021 1019 3108 Equidem
1036 2996 1307 3105 argumentorum,
1328 3039 1408 3103 quae

249 3135 359 3220 passim
390 3135 496 3211 attuli,
534 3135 655 3199 nullum
684 3148 810 3222 repeto,
849 3156 912 3221 quo
943 3157 1013 3201 eam
1044 3136 1222 3222 opinionem
1253 3137 1407 3212 refellam,

249 3269 348 3336 quum
370 3252 433 3335 ipsa
458 3253 575 3316 refellat
594 3252 654 3314 loci
675 3252 760 3314 ratio.
796 3249 882 3330 «Qui
912 3250 937 3312 si
956 3271 994 3314 ea
1014 3249 1046 3312 in
1068 3250 1161 3314 rosit
1183 3271 1282 3328 error,
1306 3250 1408 3337 inquit

249 3364 369 3442 Livius,
400 3349 483 3452 quod
506 3377 568 3429 tam
589 3378 705 3430 ueteres
724 3363 854 3430 annales
878 3364 1023 3452 quodque
1050 3365 1283 3450 magistratuum
1312 3364 1407 3443 libri,

253 3479 307 3566 (et)
342 3502 419 3568 quos
449 3482 557 3546 linteos
580 3484 612 3545 in
632 3481 708 3545 aede
732 3481 876 3565 repositos
893 3483 1033 3544 Monetae
1051 3481 1154 3545 Macer
1172 3479 1307 3545 licinius
1336 3481 1410 3544 citat

251 3587 430 3658 idemtidem
461 3605 617 3672 auctores,
651 3616 731 3658 nono
758 3606 826 3682 post
847 3595 973 3659 demum
992 3615 1167 3664 annocum
1195 3596 1232 3680 Τ.
1264 3595 1411 3676 Quinctio

251 3708 356 3772 Penuo
378 3714 413 3773 A.
435 3707 611 3774 Cornelium
631 3709 756 3774 Cossum
774 3709 937 3774 Consulem
958 3707 1109 3785 babeant,
1128 3710 1308 3774 existimatio
1321 3730 1409 3773 com·

252 3823 352 3886 munis
375 3823 517 3896 omnibus
540 3834 622 3888 est».
652 3825 808 3890 Hactenus
834 3823 968 3888 Clericus
998 3843 1030 3907 p.
1058 3825 1121 3888 560
1149 3823 1272 3887 Liviana
1300 3822 1406 3900 affert3

251 3937 406 4022 reliquum
435 3937 642 4000 testimonium
679 3936 800 4002 addam.
838 3938 944 4000 «Nam
973 3937 1067 4001 etiam
1094 3936 1171 4000 illud
1201 3937 1340 4017 accedit,
1369 3961 1409 4004 ne
1472 3973 1478 3979 ·

252 4061 312 4112 tam
335 4049 416 4112 clara
439 4051 587 4135 pugnaiu
608 4073 809 4115 eumaunum
828 4051 981 4115 transferri
1004 4052 1117 4136 possit,
1158 4049 1243 4137 quod
1282 4053 1408 4118 imbelle

251 4165 419 4227 trienninm
449 4162 554 4257 'ferme
594 4165 764 4250 pestilentia
807 4165 973 4252 inopiaque
1003 4166 1130 4251 frugum
1163 4167 1247 4230 circa
1277 4166 1315 4233 A.
1336 4165 1408 4232 Cor-

251 4279 367 4343 nelium
395 4278 556 4345 Consulem
579 4280 651 4344 fuir:
675 4279 751 4345 adeo
774 4290 808 4343 ut
841 4277 968 4366 quidam
997 4278 1144 4357 annates,
1166 4281 1251 4344 velut
1272 4281 1404 4358 funesti,

251 4392 329 4458 nihil
357 4406 476 4481 praeter
507 4397 629 4460 nomina
662 4395 830 4460 Consulum
851 4405 1015 4482 suggerant
1024 4417 1054 4460 u.
1083 4395 1226 4479 Quorum
1255 4396 1316 4459 alio
1339 4396 1408 4461 loco

253 4509 296 4596 (p.
316 4508 371 4597 95)
398 4533 515 4574 memor
532 4509 682 4588 Clericus,
704 4533 835 4596 carpens
857 4510 1078 4596 negligentiam
1106 4512 1184 4577 Livii
1213 4512 1245 4576 in
1276 4495 1407 4578 citandis
