3150 5275
803 378 883 488 so*

246 622 382 705 scriptor.
414 621 486 687 Cato
512 632 636 702 autem,
665 624 740 687 item
767 623 806 689 de
836 625 929 689 Plebe
961 625 1072 702 homo,
1101 627 1156 712 qui
1184 644 1243 689 non
1266 622 1398 689 detecta·

246 733 338 797 hatur
372 734 550 801 sacerdotali
586 736 793 803 dominatione
824 738 1018 825 quarundam
1049 739 1257 814 familiarum,
1297 760 1399 824 neque

245 849 384 914 universe
410 851 610 916 Patriciorom
633 851 820 937 oligarchia,
853 855 909 940 qui
932 852 1082 919 bellorum
1104 851 1195 916 duces
1218 873 1279 915 ooo
1300 850 1398 915 aoro-

245 963 347 1041 navit,
377 964 431 1029 sod
459 966 526 1030 siue
557 966 732 1032 nominibus
752 987 803 1031 res
823 968 960 1045 notovit,
991 973 1031 1032 n'e
1052 969 1207 1034 Cornelios
1230 968 1399 1054 Fabiosque

241 1079 430 1158 nominaret,
461 1102 522 1146 non
551 1084 653 1147 minus
683 1104 804 1147 severus
833 1095 878 1147 est
909 1081 1069 1147 canalium
1097 1080 1209 1155 iudex.
1239 1104 1342 1168 neque
1365 1082 1396 1145 in

241 1194 301 1256 suis
321 1194 387 1257 vult
408 1192 579 1278 originibus
599 1197 678 1281 legi,
702 1196 783 1281 quod
804 1198 838 1261 ia
860 1196 966 1261 tobulo
988 1195 1070 1280 opud
1092 1194 1275 1282 Pontificem
1295 1195 1400 1261 Moci-

238 1307 403 1384 mutarit,
427 1309 564 1392 quotieas
584 1331 705 1375 orooro
723 1332 836 1377 coro».
860 1313 921 1376 Has
941 1313 1076 1399 aliasque
1100 1314 1395 1399 ineptias-aptius

237 1425 341 1502 enim,
373 1447 435 1512 quo
465 1427 537 1491 talia
565 1427 738 1513 appellem,
769 1448 881 1491 nomen
913 1427 991 1491 mihi
1019 1450 1081 1493 non
1110 1430 1244 1515 suppetit
1267 1466 1310 1479 --
1331 1428 1408 1527 agit',

238 1539 371 1604 Clericus
400 1562 431 1627 p.
465 1543 502 1605 Ἢ
535 1563 598 1628 sq.,
621 1553 775 1629 augetque
796 1564 827 1627 p.
853 1544 930 1620 114,
960 1552 994 1605 ut
1022 1543 1055 1604 in
1084 1542 1212 1627 gratiam
1240 1552 1333 1627 atque
1355 1541 1394 1605 ad

237 1652 397 1718 arbitrium
426 1654 613 1720 nobiliorum
642 1670 761 1722 exactos
786 1657 1018 1722 commentarios
1046 1655 1231 1720 Pontificum
1260 1655 1394 1733 efficiat,

237 1786 299 1829 non
328 1767 503 1847 attendens,
537 1772 738 1836 Patriciorum
758 1794 821 1859 quo
840 1772 936 1835 maior
957 1780 1034 1834 esset
1055 1770 1117 1833 illis
1142 1768 1331 1856 temporibus
1362 1769 1394 1833 in

235 1882 327 1946 rebus
347 1884 487 1969 gerendis
507 1888 687 1973 auctoritas,
709 1908 746 1951 eo
766 1886 917 1972 graviores
938 1887 1031 1950 etiam
1050 1886 1083 1947 in
1105 1884 1196 1969 gestis
1217 1883 1308 1947 rebus
1327 1904 1392 1947 esse

236 2006 336 2081 partos
366 1996 522 2075 debuisse;
552 2000 604 2063 illa
632 2012 736 2064 autem
761 2001 874 2078 fracta,
904 2000 959 2065 has
978 2010 1101 2085 coeptas
1122 1999 1285 2062 attenuari.
1306 1998 1394 2063 Anti·

236 2110 372 2197 quissimi
390 2125 494 2177 autem
515 2116 726 2179 Romanorum
749 2115 883 2180 historici
905 2136 940 2178 ex
963 2113 1188 2177 commentariis
1208 2110 1394 2176 Pontificum

234 2225 348 2289 mirum
369 2239 520 2313 quantum
540 2230 751 2314 profecerunt3
782 2252 820 2294 ex
848 2230 907 2293 illis
939 2250 1041 2292 rursus
1066 2226 1185 2302 Livius,
1215 2225 1393 2311 Dionysius,

235 2341 370 2427 aliique,
391 2342 443 2407 sed
464 2343 590 2430 quidet
611 2355 762 2431 qnatenus
791 2344 916 2410 aliunde
945 2345 978 2407 in
1004 2342 1096 2406 libros
1122 2362 1192 2404 suos
1220 2341 1391 2425 receperint

234 2447 289 2519 aut
308 2468 414 2541 suopte
436 2459 560 2544 ingenio
582 2460 706 2525 inventa
726 2459 764 2524 ad
786 2460 942 2523 historiam
959 2458 1150 2535 addiderint,
1171 2480 1291 2543 prorsus
1302 2458 1390 2543 igno·

235 2570 347 2641 ramus.
371 2575 441 2658 Quo
463 2575 558 2662 igitur
579 2577 647 2640 iure
665 2598 738 2656 nos,
760 2576 847 2641 nullo
869 2584 1007 2639 veterum
1027 2582 1171 2649 auctore,
1194 2571 1279 2635 nullo
1298 2581 1391 2649 teste,

233 2688 395 2773 corruptae
416 2687 557 2752 historiae
575 2690 786 2755 insimulemus
805 2689 983 2766 Pontifices,
1003 2688 1132 2775 quince
1151 2688 1281 2772 priscam
1298 2684 1391 2750 bisto-

236 2806 330 2883 riam,
353 2827 452 2891 quum
468 2807 647 2891 potuissent,
669 2828 725 2892 pro
736 2805 839 2869 lubitu
861 2815 1039 2890 temereque
1050 2803 1266 2887 expleverunt,
1290 2823 1391 2889 neque

239 2941 341 3006 aquo
372 2931 509 3005 tempore
540 2921 647 2984 album
675 2932 719 2985 est
751 2920 957 3006 propositum,
985 2921 1010 2982 si
1042 2918 1220 2995 voluissent,
1249 2915 1391 3002 decipere

234 3037 325 3101 facile
349 3037 500 3123 populum
522 3047 688 3122 potuerunt
710 3033 786 3123 (1)t

276 3151 418 3217 Ceterum
438 3149 476 3213 de
499 3160 559 3214 tota
582 3150 640 3213 hac
668 3151 845 3237 quaestione
875 3148 995 3227 dicam,
1026 3147 1107 3236 quod
1134 3147 1172 3212 de
1197 3148 1257 3212 alia
1287 3157 1390 3212 monet

232 3267 336 3331 Livius
355 3266 424 3333 VII.
447 3265 477 3331 6.
500 3270 538 3331 6:
562 3265 667 3331 «Cura
691 3287 752 3329 non
772 3264 905 3342 deesset,
928 3266 954 3329 si
975 3287 1037 3353 qua
1061 3264 1100 3330 ad
1131 3288 1238 3331 rernm
1267 3267 1314 3330 ria
1339 3267 1387 3330 in-

230 3382 405 3466 quirentem
437 3381 546 3444 ferret:
578 3403 662 3446 nuno
690 3382 771 3444 fama
803 3402 904 3444 rernm
935 3380 1076 3445 standum
1102 3391 1162 3461 est,
1197 3380 1253 3446 ubi
1272 3392 1388 3445 certam

233 3497 359 3585 derogat
379 3507 507 3561 vetustas
529 3497 662 3563 fidem».

269 3759 307 3829 (1)
326 3757 465 3829 Negarrmt
491 3757 540 3812 hoc
566 3757 697 3812 Beckerus
721 3755 835 3827 aliique,
862 3753 981 3810 coneedit
1007 3753 1144 3822 Klotzius,
1172 3773 1197 3826 p.
1217 3754 1268 3811 367
1287 3772 1341 3824 sq,
1360 3751 1388 3806 in

228 3852 320 3925 primis
346 3858 435 3910 annot.
460 3856 526 3921 528,
553 3853 616 3909 nbi:
647 3853 711 3911 rDa
726 3853 788 3924 jone
805 3851 880 3908 Taiel
898 3873 932 3908 zu
949 3853 1129 3909 Jedennann's
1147 3851 1386 3907 Kennbnissnahme

231 3950 380 4023 alljiihrlioh
398 3951 553 4023 ausgesbellt
571 3951 658 4019 ward,
678 3950 733 4006 und
750 3951 842 4022 gewiss
860 3951 929 4007 auch
946 3951 1047 4007 sodann
1064 3952 1131 4008 noch
1149 3950 1192 4004 fur
1201 3947 1385 4019 Allezug'ang·

232 4048 285 4104 lioh
308 4067 379 4117 war,
404 4069 432 4106 so
456 4050 523 4106 lissi
549 4050 604 4105 sich
628 4049 786 4121 wenigstens
805 4069 840 4104 an
857 4049 1042 4120 Fblsohongen
1059 4048 1183 4120 groberer
1198 4048 1265 4114 nrt,
1283 4046 1332 4103 wie
1349 4046 1387 4102 sie

175 4166 178 4174 ·
230 4143 259 4202 in
276 4147 591 4216 Famiiiendocumenbcn,
610 4149 805 4206 Leicheureden
822 4169 848 4205 n.
868 4169 888 4205 s.
907 4169 938 4204 w.
957 4149 1114 4216 vorkamen,
1133 4146 1176 4202 bei
1197 4147 1277 4221 jenen
1296 4149 1384 4204 Anna·

231 4246 276 4302 len
292 4248 365 4304 nicht
384 4247 515 4304 donkenr.
574 4230 576 4236 ¹

1572 4382 1574 4425 t
