3150 5275
781 385 822 445 24

220 582 308 663 Quae
337 602 435 669 quum
463 584 504 645 ita
534 584 613 659 sint,
643 582 720 646 milri
747 583 867 647 videtur
889 582 1023 649 Clericus
1053 600 1084 649 et
1103 587 1225 653 laudate
1245 591 1313 653 loco
1343 602 1375 655 et

224 694 283 759 lroe
303 696 397 759 altero
420 695 584 772 Varronis,
605 697 658 782 qui
677 698 790 783 legitur
807 698 845 765 V.
866 700 908 761 20
929 720 958 782 p.
985 702 1067 775 150,
1088 701 1376 789 fragmenta'onno-

219 808 298 873 lium
320 810 530 874 maximorum
551 820 665 873 temere
689 812 807 875 auxisse
834 810 878 897 (p.
903 813 965 889 55,
988 814 1086 901 570):
1125 817 1267 901 «Lepus,
1290 814 1373 904 quod

219 924 316 989 Siculi
344 924 470 1010 quidam
498 925 615 989 Graece
641 924 686 1014 (l)
711 925 819 989 dicunt
850 915 1003 1013 λε’ποριν,
1033 948 1051 989 a
1079 928 1176 991 Roma
1206 930 1288 1016 quod
1309 931 1375 993 ‘orti

218 1040 338 1116 Siculi,
361 1052 394 1103 ut
416 1039 544 1103 currales
563 1048 678 1103 veteres
699 1040 794 1103 nostri
816 1038 941 1115 dieunt,
964 1039 1087 1103 sortasse
1107 1038 1180 1106 hinc
1201 1042 1277 1106 illuc
1296 1044 1375 1107 tule-

219 1164 310 1231 runt,
332 1165 361 1216 et
381 1154 432 1218 hic
449 1156 641 1241 reliquerunt
658 1154 689 1217 id
711 1176 864 1220 nomen».
889 1152 981 1234 Quod
1003 1164 1107 1218 autem
1129 1156 1181 1219 ille
1202 1157 1378 1241 opinionem

218 1290 305 1333 suam
336 1269 604 1334 commendaturus
637 1269 761 1332 asserit:
809 1268 973 1353 «Diligens
1001 1270 1237 1353 grammaticus,
1278 1271 1377 1356 qualis

218 1386 313 1451 Varro
344 1386 420 1462 fuit,
454 1388 509 1472 qui
544 1384 680 1448 nominat
711 1382 810 1447 ubivis
833 1390 935 1467 poetas
962 1382 1033 1471 (2),
1074 1381 1268 1447 historiarum
1302 1385 1375 1448 scri·

216 1499 337 1583 plnres,
359 1501 441 1563 iuxta
464 1501 555 1563 libros
578 1498 619 1562 ab
642 1498 713 1583 ipsis
734 1496 851 1574 editos,
874 1519 936 1561 uon
953 1498 1053 1582 potuit
1074 1498 1178 1561 dicere
1198 1498 1377 1583 simpliciter

214 1614 359 1691 annales,
379 1615 435 1678 nisi
448 1636 547 1701 quum
565 1612 647 1700 quod
666 1614 774 1675 citaret
792 1613 947 1698 scriptoris
960 1634 1072 1677 nomen
1083 1635 1146 1677 non
1158 1611 1376 1691 habebat»;-

216 1750 269 1803 eo,
297 1730 321 1791 si
352 1750 451 1791 reram
481 1750 545 1791 rem
573 1750 636 1791 esse
657 1727 828 1813 fingamus,
856 1729 987 1791 nimium
1007 1751 1038 1791 se
1056 1728 1184 1813 probare
1207 1739 1290 1792 certe
1313 1749 1375 1793 non

215 1841 446 1907 animadvertit:
478 1866 548 1907 nam
580 1844 674 1907 citare
705 1853 844 1906 auctores
873 1864 942 1905 suos
970 1840 1137 1926 Pontifices
1158 1842 1254 1909 Varro
1275 1862 1373 1928 quum

215 1968 332 2040 posset,
375 1968 440 2021 tum
477 1969 559 2019 tanto
602 1954 734 2019 debebat
780 1957 894 2042 magis,
934 1967 1050 2041 quanto
1094 1955 1264 2041 praestabat
1302 1954 1371 2018 dili·

209 2071 314 2155 gentia
341 2070 400 2159 (3).
423 2074 531 2159 ltaque
553 2072 688 2137 Clericus
711 2072 804 2133 etiam
830 2072 862 2134 in
893 2071 997 2135 Servio
1027 2093 1120 2135 causa
1148 2070 1250 2148 cadit,
1281 2073 1370 2135 cuius

214 2186 327 2262 verba,
349 2189 442 2271 petita
466 2210 501 2251 er
525 2186 710 2264 curulibus,
736 2188 927 2252 consimilem
948 2208 1072 2251 causam
1094 2198 1270 2272 praetexens
1291 2186 1373 2251 Pon·

215 2300 335 2366 tilicum
366 2325 428 2365 esse
462 2302 641 2381 contendit,
672 2326 703 2388 p.
729 2306 787 2378 56,
820 2304 904 2379 570,
934 2302 1100 2388 repudiatis
1121 2304 1276 2367 sententiis
1295 2303 1375 2367 Bur·

214 2418 339 2493 manni,
371 2418 426 2502 qui
453 2416 628 2493 Cassianos,
658 2428 688 2480 et
717 2415 856 2492 Barthii‚
885 2418 941 2503 qui
963 2418 1116 2481 Ennianos
1138 2418 1262 2481 annales
1282 2418 1374 2481 intel·

217 2532 300 2595 lerit.
322 2531 444 2594 Servius
468 2533 551 2594 enim
581 2532 657 2595 Aen.
680 2530 736 2596 lll.
760 2534 844 2595 584:
878 2531 942 2594 «Et
961 2530 1088 2615 quidam
1114 2528 1276 2595 lentandus
1296 2552 1373 2595 nore

213 2646 341 2709 verbum
365 2646 472 2709 fiotum
497 2658 624 2731 putant3
647 2646 699 2709 sed
720 2647 752 2709 in
772 2645 937 2709 canalibus
954 2647 1083 2731 legitur:
1107 2645 1286 2731 Corrsrieotr}
1307 2645 1371 2709 oleo

176 2767 182 2782 ¹
213 2759 321 2824 lentati
341 2760 503 2844 paratique
530 2759 571 2823 nd
592 2779 720 2825 ormo».
752 2761 835 2823 Haec
864 2782 926 2848 qno
955 2760 1127 2845 pertineant
1158 2760 1227 2846 quis
1260 2757 1370 2845 proba-

212 2873 314 2938 verit?
346 2873 406 2938 Sed
434 2876 524 2958 paulo
547 2886 647 2938 tamen
666 2875 792 2938 meliore
813 2876 881 2938 iure
902 2896 996 2962 quam
1018 2873 1056 2936 ad
1080 2874 1242 2938 Pontifices
1263 2873 1368 2938 referri

210 2987 247 3050 ad
281 2987 416 3050 Ennium
447 2986 604 3065 ridentur,
632 2990 721 3053 cuius
749 2999 853 3054 octove
878 2989 988 3052 annuli
1015 2987 1122 3077 tribuit
1150 2986 1368 3076 spangenber-

211 3101 297 3186 gius‚
328 3101 405 3163 Enn.
430 3101 540 3165 Annal.
563 3103 672 3187 fragm.
695 3127 726 3191 p.
754 3109 832 3181 116,
861 3104 963 3188 primo
993 3101 1187 3167 vindicarunt
1216 3102 1367 3188 llbergius

210 3225 240 3277 ct
269 3212 440 3291 Vahlenus,
464 3236 557 3300 quem
582 3215 648 3280 vide
671 3240 702 3302 p.
726 3219 893 3297 XXXVII,
928 3219 971 3281 sic
994 3219 1264 3284 restituto'metrn:
1290 3214 1366 3280 Cen·

210 3328 357 3414 [sistique
385 3328 450 3394 oleo
480 3329 589 3395 leonati
617 3341 645 3396 et
674 3333 715 3396 od
742 3353 832 3398 ormo
851 3334 964 3416 parati.
987 3334 1032 3400 ut
1054 3332 1264 3409 Ribbeclrius,
1290 3332 1366 3394 llus.

210 3442 311 3508 Rhen.
335 3445 375 3507 X.
398 3447 417 3506 2
443 3468 471 3528 p.
496 3449 569 3510 ⁶271.

252 3557 358 3637 Quum
381 3579 488 3640 parurn
512 3560 613 3636 iuret,
649 3562 711 3625 imo
742 3563 861 3626 taedeat
891 3564 954 3626 fere
989 3564 1020 3626 in
1043 3562 1162 3627 levibus
1183 3562 1366 3649 plerumque

244 3913 282 3983 (1)
302 3912 398 3985 Scripsi
411 3913 443 3969 de
459 3913 610 3971 coniectura
625 3933 673 3990 pro
690 3915 795 3987 vulgari
814 3918 919 3970 Graeci:
938 3913 1077 3987 trilingues
1093 3915 1164 3972 enim
1180 3916 1264 3972 Siculi
1269 3958 1278 3981 ,
1295 3914 1366 3986 quod

204 4028 299 4066 nomen
310 4029 357 4084 pro
375 4013 483 4083 Siculis,
501 4018 533 4071 111
550 4013 704 4088 legebatur,
722 4013 775 4068 iam
792 4013 946 4088 Spengelius
962 4013 1109 4087 proposuit.

240 4114 278 4184 (1)
297 4094 390 4184 Παρὰ
409 4097 465 4183 τήν
479 4099 622 4185 ἱστορίαν.
644 4114 696 4170 Vel
721 4116 801 4171 vicies
819 4114 937 4171 inlibris
962 4116 1077 4172 11111111
1093 4135 1110 4171 a
1126 4115 1246 4172 Varrone
1272 4134 1363 4172 versus

202 4214 353 4284 podtarum,
373 4230 484 4284 quorum
502 4213 596 4272 addere
612 4214 718 4270 uomina
735 4214 900 4289 supersedet,
918 4213 1014 4268 allatos
1031 4212 1129 4271 videas.

240 4309 278 4379 (3)
297 4309 386 4365 Tertio
401 4310 530 4366 Varronis
547 4311 604 4368 loco
623 4311 740 4367 Clericus
758 4312 906 4383 fragmenta
923 4315 1052 4368 annalium
1069 4329 1123 4367 nou
1140 4312 1228 4380 auxit,
1247 4312 1293 4367 sed
1309 4331 1361 4367 mo-

202 4405 262 4462 nuit
286 4408 375 4462 lamen
396 4427 421 4482 p.
448 4410 496 4479 35,
520 4410 591 4466 viros
614 4412 704 4467 doctos
726 4430 819 4486 pamm
844 4411 1001 4479 attendisse,
1024 4411 1094 4483 quod
1117 4411 1187 4485 apud
1212 4411 1360 4468 Charisirun

200 4503 253 4573 (od.
271 4504 377 4561 Pulsoh.
396 4525 421 4580 p.
440 4508 485 4579 97)
505 4509 590 4564 Varro
607 4514 736 4567 memorat
754 4509 876 4582 occlogas
893 4526 926 4565 ex
942 4511 1045 4566 cruciet
1061 4507 1237 4581 descriplosn.
