3150 5275
731 450 771 517 aa

166 653 400 749 commendent,
421 654 502 742 quod
521 654 576 718 soli
594 654 732 716 omnium
751 652 809 715 sibi
826 663 962 716 constant
981 654 1012 716 in
1030 653 1126 737 spatio
1144 650 1321 719 definiendo

164 770 245 833 inter
265 771 397 855 singulos
417 769 505 833 ludos
526 767 645 845 medio,
668 780 759 855 atque
781 770 824 832 ita
842 769 933 832 simul
951 768 1073 832 saeculo
1090 790 1158 832 snos
1177 769 1316 833 tribuunt

167 883 329 948 «undenos
359 884 461 947 denies
491 906 630 961 annos»,
663 884 774 947 mirum
797 885 830 947 in
853 884 977 947 modum
999 882 1168 948 fluctuante
1191 885 1314 952 Valerio

162 998 302 1075 Antium,
335 1000 387 1062 cui
412 1011 548 1063 ceterum
578 1022 638 1064 non
663 1002 795 1084 optimae
819 1011 907 1063 notae
928 998 1066 1083 scriptori
1091 996 1142 1085 (ci.
1166 997 1314 1061 Krausius

162 1134 192 1195 p.
224 1115 287 1177 166
319 1134 405 1199 sqq.,
436 1126 467 1177 at
499 1124 603 1177 contra
632 1115 725 1178 etiam
757 1113 941 1178 Liebaldtios
971 1111 1009 1174 de
1033 1110 1101 1177 vat.
1124 1111 1194 1174 Ant.
1218 1134 1251 1195 p.
1274 1113 1316 1173 10

82 1230 83 1233 ’
161 1226 240 1314 sqq.)
273 1228 348 1315 quid
378 1250 487 1294 causae
516 1229 625 1306 fuerit,
648 1250 705 1291 cur
726 1226 764 1291 ad
787 1250 902 1292 annum
925 1236 1115 1312 expugnatae
1138 1236 1168 1287 et
1189 1222 1313 1289 Cartha-

161 1342 239 1426 ginis
267 1352 298 1404 et
329 1341 465 1409 Corinthi
494 1342 579 1408 ludos
602 1353 723 1428 quartos
749 1342 891 1418 referret,
915 1341 1033 1427 exquiri
1056 1340 1080 1402 si
1103 1339 1211 1423 possit,
1235 1338 1313 1401 nihil

159 1454 265 1518 attinet
291 1453 350 1542 (l).
384 1456 523 1543 Denique
546 1470 581 1521 ut
602 1458 640 1521 ad
663 1460 849 1545 propositum
872 1468 1019 1532 revortar,
1043 1456 1067 1517 si
1089 1453 1162 1518 editi
1184 1464 1254 1517 sunt
1276 1452 1309 1516 hi

159 1622 277 1691 nomina,
303 1622 418 1695 aliquam
436 1642 536 1693 aeram,
554 1642 621 1696 quae
639 1626 762 1693 vocatur,
785 1623 814 1677 in
832 1622 873 1677 his
890 1620 1001 1695 publicis
1026 1618 1200 1675 monumentis
1225 1617 1311 1672 obser·

158 1723 248 1776 vatam
274 1738 337 1776 esse.
369 1720 427 1776 Imo
449 1722 484 1777 'ex
511 1720 675 1777 Varroniano
698 1721 855 1777 Censorinus
875 1738 956 1775 annos
972 1718 1117 1791 descripsit.
1142 1716 1213 1787 Quid
1229 1715 1315 1771 simile

159 1819 295 1877 obtrusum
310 1824 338 1875 01
356 1821 441 1877 Ennio
458 1822 494 1877 sit
510 1825 538 1877 01
556 1824 670 1877 marinis
687 1822 834 1887 aaaalitas,
858 1820 923 1891 Cap.
939 1818 988 1875 111
1012 1817 1172 1888 videbimus·
1190 1816 1314 1871 Ceterum

159 1918 193 1974 01.
210 1936 277 1989 qnae
294 1918 412 1991 proxime
428 1919 547 1991 sequitur
564 1917 708 1975 annotatio.

192 2018 231 2089 (1)
248 2016 327 2073 Patet
343 2035 376 2073 ex
395 2016 537 2075 Censorino
553 2017 639 2074 factos
655 2036 711 2073 esse
729 2016 877 2073 saeculares
892 2015 970 2072 ludos

316 2114 579 2188 primosecundum
603 2114 728 2172 XVviros
745 2134 768 2174 a.
786 2116 822 2173 U.
841 2117 909 2183 198,
929 2114 1066 2171 Antiatem
1083 2116 1142 2170 245.

315 2212 421 2282 11118101,
507 2238 520 2267 ιι
648 2238 660 2267 r
771 2238 783 2265 r
840 2216 906 2282 408,
997 2236 1010 2263 ιι
1083 2213 1143 2272 305.

314 2312 421 2381 tertios,
507 2336 519 2363 a
646 2334 660 2365 a
770 2335 783 2365 a
839 2314 906 2381 518,
996 2335 1010 2361 ιι
1083 2311 1143 2366 505.

317 2416 439 2482 quartos,
507 2437 519 2463 ι
647 2436 661 2464 ιι
770 2435 783 2462 a
839 2413 906 2477 628,
997 2434 1011 2460 ιι
1083 2411 1143 2466 605.

316 2508 436 2581 quintos,
506 2535 520 2563 a
647 2536 659 2562 a
770 2534 783 2561 a
838 2509 898 2568 737

157 2602 191 2661 In
219 2624 272 2678 qua
302 2624 429 2665 annomm
451 2608 624 2685 descriptione
646 2611 705 2684 quis
727 2613 829 2685 premat
851 2607 1009 2666 diminutum
1028 2622 1082 2662 uno
1099 2623 1167 2662 anno
1183 2605 1311 2664 interval-

157 2703 229 2776 lum,
248 2708 317 2780 qnod
331 2709 384 2766 tuit
400 2729 417 2766 a
435 2711 536 2782 quartis
553 2711 587 2767 ad
605 2711 710 2783 quintos
725 2709 817 2780 ludos,
833 2707 974 2766 Octaviani
990 2707 1064 2762 iussu
1080 2710 1138 2762 tum
1146 2706 1308 2762 celebratos?

158 2804 240 2875 Quid,
266 2807 335 2879 quod
361 2827 385 2865 a.
397 2847 399 2851 -
411 2809 446 2867 U.
467 2812 534 2879 505,
551 2815 583 2866 ut
600 2807 659 2866 volt
676 2809 800 2866 Valerius
809 2852 818 2878 ,
835 2812 908 2865 actos
928 2826 984 2864 esse
1000 2807 1094 2862 tertios
1110 2807 1139 2861 in
1156 2806 1245 2880 primis
1262 2807 1311 2863 du-

157 2903 229 2963 bium
252 2910 313 2964 est?
345 2910 468 2984 Superest
485 2910 554 2983 enim
569 2911 745 2982 fragmentum
762 2908 954 2981 Capitolinum,
975 2905 1141 2979 quodquam
1158 2904 1192 2961 ad
1210 2924 1307 2960 annum

158 3005 209 3064 517
237 3007 310 3080 (518)
337 3008 501 3065 referendum
520 3009 576 3081 ipse
595 3007 700 3075 eredat,
717 3005 840 3063 Baitenrs
856 3005 894 3061 sic
910 3003 1069 3060 exarandum
1085 3002 1170 3059 literis
1187 3002 1290 3061 curavit
1300 3047 1312 3071 ,

156 3099 324 3161 11110011.
342 3124 367 3178 p.
388 3105 501 3162 LVIII:

578 3207 645 3261 bada·
660 3207 801 3261 saeculares
818 3209 873 3259 tert.

455 3303 504 3360 Μ.
522 3305 625 3360 Aimila'o
643 3305 693 3360 Μ’.
705 3305 736 3374 s.
808 3303 880 3376 Map.
899 3303 932 3358 X.
951 3302 997 3357 eir.

455 3403 493 3460 M
513 3405 583 3459 Maio
602 3403 639 3458 M.
651 3404 681 3474 s.
701 3402 738 3458 M.
757 3422 781 3458 a.
800 3403 953 3459 Salinatore.

155 3497 214 3566 Quo
242 3496 274 3554 de
298 3517 377 3556 causa
401 3500 435 3557 ad
460 3520 485 3558 a.
513 3501 549 3558 U.
580 3502 631 3556 518
648 3501 713 3558 haec
729 3481 866 3573 inscriptio
881 3499 1027 3568 referatur,
1058 3497 1150 3571 ignoro
1167 3498 1308 3570 equidem,

154 3595 204 3658 nisi
225 3595 285 3652 ideo
305 3596 333 3652 id
351 3598 415 3667 fiat,
438 3599 500 3672 quia
522 3600 652 3674 pertinere
676 3599 710 3656 ad
727 3619 751 3656 a.
766 3600 803 3656 U.
822 3601 871 3654 505
889 3597 937 3654 vix
951 3600 1047 3670 potest.
1064 3597 1133 3653 Mihi
1149 3601 1306 3669 argumento

155 3702 228 3750 aetas
248 3701 288 3750 est
305 3713 358 3750 non
373 3696 479 3752 Aemilii
494 3697 582 3767 iltius,
600 3699 698 3755 mortni
714 3697 783 3755 eirca
806 3717 830 3754 a.
849 3699 917 3766 538,
934 3697 958 3753 si
974 3699 1043 3753 hune
1066 3697 1194 3753 indicavit
1209 3698 1305 3754 Livius

153 3791 261 3849 XXIII.
278 3794 321 3850 13.
339 3795 389 3862 15,
407 3795 453 3851 sed
468 3793 507 3852 M.
525 3796 596 3853 Livii
613 3796 785 3866 Salinatoris,
801 3796 876 3852 cuius
884 3796 983 3852 famosa
993 3795 1109 3851 Censura
1120 3795 1191 3867 (Irin.
1199 3795 1305 3852 XXIX.

154 3890 199 3962 37)
218 3890 288 3946 cadit
304 3891 332 3947 in
348 3910 446 3949 annum
464 3895 522 3962 550,
541 3897 568 3949 et
583 3894 738 3968 perdurasse
755 3894 789 3951 ad
807 3896 858 3950 554
876 3893 989 3949 videtur.
1006 3894 1035 3949 Is
1050 3894 1119 3949 enim
1137 3913 1162 3950 a.
1181 3897 1231 3950 535
1241 3914 1301 3952 eum

153 3985 185 4042 Ia
201 3988 313 4044 Aemilio
329 3991 413 4047 Pauio
428 3991 601 4049 Consulatum
619 3993 715 4065 gessit,
733 4011 785 4066 quo
803 3993 826 4049 si
842 3992 962 4048 frinotum
970 3994 1111 4048 statuimus
1118 3992 1176 4066 ipso
1183 3993 1302 4067 legitimo

153 4103 222 4141 anno
239 4085 282 4142 vel
299 4087 378 4160 paulo
395 4093 471 4162 post,
489 4109 593 4146 nemeae
609 4094 650 4147 est
666 4093 700 4146 13
718 4092 761 4148 vel
779 4094 814 4148 14
832 4110 959 4148 annornm
975 4109 1039 4163 puer
1056 4091 1152 4161 hierit,
1169 4111 1220 4165 quo
1236 4096 1304 4148 tem·

151 4203 214 4258 pore
238 4185 330 4242 tertios
355 4186 430 4244 ludos
456 4188 540 4245 editos
566 4188 676 4245 tradidit
693 4189 806 4258 Antias,
830 4194 909 4263 atque
925 4191 975 4246 hoc
992 4196 1117 4261 anctore,
1134 4197 1166 4249 ut
1183 4193 1305 4262 videtur,

150 4283 244 4341 Livias
260 4285 289 4340 in
302 4285 437 4357 deperdito
453 4286 521 4345 libro
539 4287 599 4345 XX.
614 4288 724 4358 ¹Quanto
742 4292 831 4346 autem
838 4290 961 4347 maiorem
970 4294 1036 4346 natu
1044 4292 1145 4347 creabis
1153 4293 1300 4363 Consulem,

150 4386 227 4439 tanto
248 4382 332 4456 magis
358 4384 456 4440 Censor
481 4385 515 4441 ad
539 4385 699 4458 decrepitam
724 4391 884 4444 senectutem
909 4389 1022 4446 accedet.
1039 4389 1111 4461 Ergo
1127 4409 1181 4445 non
1196 4390 1300 4448 faciunt

151 4480 228 4537 fidem
251 4483 347 4540 Antias
372 4483 479 4556 eiusque
502 4487 616 4541 sectator
633 4483 740 4554 Livius,
758 4489 786 4541 et
802 4485 831 4541 in
847 4485 888 4542 his
904 4486 1016 4542 fortasse
1036 4487 1139 4556 Varro,
1156 4488 1201 4545 sed
1218 4489 1302 4559 Quin-

150 4578 282 4635 decimviri
299 4581 407 4636 faciunt.
