<?xml version="1.0" encoding="UTF-8"?>
<!DOCTYPE html PUBLIC "-//W3C//DTD XHTML 1.0 Transitional//EN"
    "http://www.w3.org/TR/xhtml1/DTD/xhtml1-transitional.dtd">
<html xmlns="http://www.w3.org/1999/xhtml" xml:lang="en" lang="en">
 <head>
  <title>
</title>
<meta http-equiv="Content-Type" content="text/html;charset=utf-8" />
  <meta name='ocr-system' content='tesseract 3.04.00' />
  <meta name='ocr-capabilities' content='ocr_page ocr_carea ocr_par ocr_line ocrx_word'/>
</head>
<body>
  <div class='ocr_page' id='page_1' title='image "./disputatiocriti00hullgoog_0016.png"; bbox 0 0 3150 5275; ppageno 0'>
   <div class='ocr_carea' id='block_1_1' title="bbox 832 462 851 522">
    <p class='ocr_par' dir='ltr' id='par_1_1' title="bbox 832 462 851 522">
     <span class='ocr_line' id='line_1_1' title="bbox 832 462 851 522; baseline 0 0"><span class='ocrx_word' id='word_1_1' title='bbox 832 462 851 522; x_wconf 87' lang='lat'><strong>4</strong></span> 
     </span>
    </p>
   </div>
   <div class='ocr_carea' id='block_1_2' title="bbox 259 659 1413 976">
    <p class='ocr_par' dir='ltr' id='par_1_2' title="bbox 259 659 1413 976">
     <span class='ocr_line' id='line_1_2' title="bbox 262 659 1411 748; baseline -0.002 -21"><span class='ocrx_word' id='word_1_2' title='bbox 262 662 459 748; x_wconf 79' lang='lat' dir='ltr'><strong>designentur</strong></span> <span class='ocrx_word' id='word_1_3' title='bbox 480 670 593 723; x_wconf 82' lang='lat' dir='ltr'><strong>veteres</strong></span> <span class='ocrx_word' id='word_1_4' title='bbox 622 659 761 725; x_wconf 82' lang='lat' dir='ltr'><strong>onooles.</strong></span> <span class='ocrx_word' id='word_1_5' title='bbox 789 660 850 725; x_wconf 88' lang='lat' dir='ltr'><strong>Sed</strong></span> <span class='ocrx_word' id='word_1_6' title='bbox 876 663 970 727; x_wconf 88' lang='lat' dir='ltr'><strong>rarior</strong></span> <span class='ocrx_word' id='word_1_7' title='bbox 997 673 1102 726; x_wconf 86' lang='lat' dir='ltr'><strong>tamen</strong></span> <span class='ocrx_word' id='word_1_8' title='bbox 1131 674 1176 725; x_wconf 88' lang='lat' dir='ltr'><strong>est</strong></span> <span class='ocrx_word' id='word_1_9' title='bbox 1203 661 1256 725; x_wconf 93' lang='lat' dir='ltr'><strong>bic</strong></span> <span class='ocrx_word' id='word_1_10' title='bbox 1276 661 1411 726; x_wconf 80' lang='lat' dir='ltr'><strong>voeabu-</strong></span> 
     </span>
     <span class='ocr_line' id='line_1_3' title="bbox 259 773 1413 862; baseline -0.003 -21"><span class='ocrx_word' id='word_1_11' title='bbox 259 774 383 853; x_wconf 89' lang='lat' dir='ltr'><strong>liusus,</strong></span> <span class='ocrx_word' id='word_1_12' title='bbox 405 775 509 861; x_wconf 89' lang='lat' dir='ltr'><strong>quiin</strong></span> <span class='ocrx_word' id='word_1_13' title='bbox 529 773 659 838; x_wconf 90' lang='lat' dir='ltr'><strong>abusum</strong></span> <span class='ocrx_word' id='word_1_14' title='bbox 682 777 828 852; x_wconf 81' lang='lat' dir='ltr'><strong>vertitur,</strong></span> <span class='ocrx_word' id='word_1_15' title='bbox 849 775 904 839; x_wconf 94' lang='lat' dir='ltr'><strong>ubi</strong></span> <span class='ocrx_word' id='word_1_16' title='bbox 922 774 1044 840; x_wconf 90' lang='lat' dir='ltr'><strong>additur</strong></span> <span class='ocrx_word' id='word_1_17' title='bbox 1063 798 1176 842; x_wconf 89' lang='lat' dir='ltr'><strong>nomen</strong></span> <span class='ocrx_word' id='word_1_18' title='bbox 1187 778 1355 862; x_wconf 87' lang='lat' dir='ltr'><strong>scriptoris,</strong></span> <span class='ocrx_word' id='word_1_19' title='bbox 1376 786 1413 839; x_wconf 89' lang='lat' dir='ltr'><strong>ut</strong></span> 
     </span>
     <span class='ocr_line' id='line_1_4' title="bbox 262 888 1413 976; baseline -0.002 -21"><span class='ocrx_word' id='word_1_20' title='bbox 262 888 344 976; x_wconf 86' lang='lat' dir='ltr'><strong>apud</strong></span> <span class='ocrx_word' id='word_1_21' title='bbox 362 889 496 951; x_wconf 88' lang='lat' dir='ltr'><strong>Plinium</strong></span> <span class='ocrx_word' id='word_1_22' title='bbox 508 888 595 953; x_wconf 76' lang='lat' dir='ltr'><strong>N-II.</strong></span> <span class='ocrx_word' id='word_1_23' title='bbox 608 889 693 954; x_wconf 89' lang='lat' dir='ltr'><strong>XIII.</strong></span> <span class='ocrx_word' id='word_1_24' title='bbox 718 892 757 953; x_wconf 81' lang='lat'><strong>15</strong></span> <span class='ocrx_word' id='word_1_25' title='bbox 778 889 814 955; x_wconf 76' lang='lat' dir='ltr'><strong>I..</strong></span> <span class='ocrx_word' id='word_1_26' title='bbox 833 888 1015 975; x_wconf 81' lang='lat' dir='ltr'>Calpurnius</span> <span class='ocrx_word' id='word_1_27' title='bbox 1036 889 1103 955; x_wconf 89' lang='lat' dir='ltr'><strong>Piso</strong></span> <span class='ocrx_word' id='word_1_28' title='bbox 1122 888 1266 954; x_wconf 90' lang='lat' dir='ltr'><strong>laudatur</strong></span> <span class='ocrx_word' id='word_1_29' title='bbox 1290 890 1413 975; x_wconf 80' lang='lat' dir='ltr'><strong>«primo</strong></span> 
     </span>
    </p>
   </div>
   <div class='ocr_carea' id='block_1_3' title="bbox 261 1002 1433 1092">
    <p class='ocr_par' dir='ltr' id='par_1_3' title="bbox 261 1002 1433 1092">
     <span class='ocr_line' id='line_1_5' title="bbox 261 1002 1433 1092; baseline 0 -23"><span class='ocrx_word' id='word_1_30' title='bbox 261 1002 600 1081; x_wconf 66' lang='lat' dir='ltr'><strong>commutandorum»,</strong></span> <span class='ocrx_word' id='word_1_31' title='bbox 624 1026 685 1068; x_wconf 92' lang='lat' dir='ltr'><strong>non</strong></span> <span class='ocrx_word' id='word_1_32' title='bbox 708 1003 953 1089; x_wconf 66' lang='lat' dir='ltr'><strong>primordiali,</strong></span> <span class='ocrx_word' id='word_1_33' title='bbox 976 1002 1059 1092; x_wconf 90' lang='lat' dir='ltr'><strong>quod</strong></span> <span class='ocrx_word' id='word_1_34' title='bbox 1079 1003 1144 1067; x_wconf 90' lang='lat' dir='ltr'><strong>dici</strong></span> <span class='ocrx_word' id='word_1_35' title='bbox 1165 1002 1309 1069; x_wconf 82' lang='lat' dir='ltr'><strong>debebat.</strong></span> <span class='ocrx_word' id='word_1_36' title='bbox 1430 1070 1433 1075; x_wconf 79' lang='grc'><em>,</em></span> 
     </span>
    </p>
   </div>
   <div class='ocr_carea' id='block_1_4' title="bbox 254 1108 1412 3380">
    <p class='ocr_par' dir='ltr' id='par_1_4' title="bbox 255 1108 1412 2697">
     <span class='ocr_line' id='line_1_6' title="bbox 303 1108 1412 1208; baseline -0.001 -25"><span class='ocrx_word' id='word_1_37' title='bbox 303 1118 433 1195; x_wconf 90' lang='lat' dir='ltr'><strong>Possim,</strong></span> <span class='ocrx_word' id='word_1_38' title='bbox 452 1129 487 1180; x_wconf 89' lang='lat' dir='ltr'><strong>ut</strong></span> <span class='ocrx_word' id='word_1_39' title='bbox 503 1118 772 1203; x_wconf 88' lang='lat' dir='ltr'><strong>grammaticorum</strong></span> <span class='ocrx_word' id='word_1_40' title='bbox 782 1118 957 1205; x_wconf 89' lang='lat' dir='ltr'><strong>similesque</strong></span> <span class='ocrx_word' id='word_1_41' title='bbox 981 1108 1143 1208; x_wconf 71' lang='grc' dir='ltr'><strong><em>ἐξηγήσεις</em></strong></span> <span class='ocrx_word' id='word_1_42' title='bbox 1153 1118 1412 1203; x_wconf 87' lang='lat' dir='ltr'><strong>praetermittam,</strong></span> 
     </span>
     <span class='ocr_line' id='line_1_7' title="bbox 260 1231 1408 1322; baseline -0.008 -19"><span class='ocrx_word' id='word_1_43' title='bbox 260 1239 383 1322; x_wconf 81' lang='lat' dir='ltr'><strong>Regum</strong></span> <span class='ocrx_word' id='word_1_44' title='bbox 402 1235 634 1299; x_wconf 80' lang='lat' dir='ltr'><strong>commentarios</strong></span> <span class='ocrx_word' id='word_1_45' title='bbox 656 1232 704 1320; x_wconf 92' lang='lat' dir='ltr'><strong>(l)</strong></span> <span class='ocrx_word' id='word_1_46' title='bbox 728 1232 855 1311; x_wconf 88' lang='lat' dir='ltr'><strong>afferre,</strong></span> <span class='ocrx_word' id='word_1_47' title='bbox 872 1235 983 1320; x_wconf 85' lang='lat' dir='ltr'><strong>possim</strong></span> <span class='ocrx_word' id='word_1_48' title='bbox 1004 1235 1177 1299; x_wconf 88' lang='lat' dir='ltr'><strong>consulares</strong></span> <span class='ocrx_word' id='word_1_49' title='bbox 1199 1231 1309 1320; x_wconf 90' lang='lat' dir='ltr'><strong>(Varro</strong></span> <span class='ocrx_word' id='word_1_50' title='bbox 1327 1232 1362 1296; x_wconf 85' lang='lat' dir='ltr'><strong>L.</strong></span> <span class='ocrx_word' id='word_1_51' title='bbox 1375 1232 1408 1295; x_wconf 88' lang='lat' dir='ltr'><strong>L.</strong></span> 
     </span>
     <span class='ocr_line' id='line_1_8' title="bbox 260 1347 1411 1437; baseline -0.009 -18"><span class='ocrx_word' id='word_1_52' title='bbox 260 1353 305 1421; x_wconf 89' lang='lat' dir='ltr'><strong>VI</strong></span> <span class='ocrx_word' id='word_1_53' title='bbox 331 1374 363 1437; x_wconf 91' lang='lat' dir='ltr'><strong>p.</strong></span> <span class='ocrx_word' id='word_1_54' title='bbox 392 1353 456 1415; x_wconf 70' lang='lat'><strong>265</strong></span> <span class='ocrx_word' id='word_1_55' title='bbox 487 1349 536 1415; x_wconf 90' lang='lat' dir='ltr'><strong>ed.</strong></span> <span class='ocrx_word' id='word_1_56' title='bbox 565 1347 743 1435; x_wconf 83' lang='lat' dir='ltr'><strong>Spengel),</strong></span> <span class='ocrx_word' id='word_1_57' title='bbox 776 1349 928 1412; x_wconf 88' lang='lat' dir='ltr'><strong>censorius</strong></span> <span class='ocrx_word' id='word_1_58' title='bbox 954 1348 1148 1434; x_wconf 86' lang='lat' dir='ltr'><strong>aliorumque</strong></span> <span class='ocrx_word' id='word_1_59' title='bbox 1177 1347 1411 1433; x_wconf 77' lang='lat' dir='ltr'><strong>magistratuum</strong></span> 
     </span>
     <span class='ocr_line' id='line_1_9' title="bbox 262 1458 1408 1556; baseline -0.009 -23"><span class='ocrx_word' id='word_1_60' title='bbox 262 1468 315 1556; x_wconf 81' lang='lat' dir='ltr'><strong>(ct.</strong></span> <span class='ocrx_word' id='word_1_61' title='bbox 343 1466 461 1531; x_wconf 84' lang='lat' dir='ltr'><strong>Becker</strong></span> <span class='ocrx_word' id='word_1_62' title='bbox 481 1464 602 1531; x_wconf 88' lang='lat' dir='ltr'><strong>Handb.</strong></span> <span class='ocrx_word' id='word_1_63' title='bbox 625 1465 656 1531; x_wconf 91' lang='lat' dir='ltr'><strong>d.</strong></span> <span class='ocrx_word' id='word_1_64' title='bbox 679 1467 770 1532; x_wconf 71' lang='lat' dir='ltr'><strong>Rom.</strong></span> <span class='ocrx_word' id='word_1_65' title='bbox 790 1463 875 1530; x_wconf 78' lang='lat' dir='ltr'><strong>Alth.</strong></span> <span class='ocrx_word' id='word_1_66' title='bbox 895 1464 911 1526; x_wconf 92' lang='lat'>1</span> <span class='ocrx_word' id='word_1_67' title='bbox 932 1486 964 1549; x_wconf 92' lang='lat' dir='ltr'><strong>p.</strong></span> <span class='ocrx_word' id='word_1_68' title='bbox 987 1462 1061 1549; x_wconf 69' lang='lat'><strong>25),</strong></span> <span class='ocrx_word' id='word_1_69' title='bbox 1079 1462 1211 1526; x_wconf 83' lang='lat' dir='ltr'><strong>forenses</strong></span> <span class='ocrx_word' id='word_1_70' title='bbox 1232 1471 1264 1524; x_wconf 88' lang='lat' dir='ltr'><strong>et</strong></span> <span class='ocrx_word' id='word_1_71' title='bbox 1286 1458 1408 1533; x_wconf 80' lang='lat' dir='ltr'><strong>civiles,</strong></span> 
     </span>
     <span class='ocr_line' id='line_1_10' title="bbox 259 1572 1410 1666; baseline -0.009 -21"><span class='ocrx_word' id='word_1_72' title='bbox 259 1581 437 1645; x_wconf 89' lang='lat' dir='ltr'><strong>domesticos</strong></span> <span class='ocrx_word' id='word_1_73' title='bbox 456 1581 549 1645; x_wconf 91' lang='lat' dir='ltr'><strong>etiarn</strong></span> <span class='ocrx_word' id='word_1_74' title='bbox 570 1581 779 1666; x_wconf 83' lang='lat' dir='ltr'><strong>privatosque,</strong></span> <span class='ocrx_word' id='word_1_75' title='bbox 803 1576 855 1640; x_wconf 89' lang='lat' dir='ltr'><strong>sed</strong></span> <span class='ocrx_word' id='word_1_76' title='bbox 875 1574 954 1641; x_wconf 90' lang='lat' dir='ltr'><strong>nibil</strong></span> <span class='ocrx_word' id='word_1_77' title='bbox 973 1598 1049 1662; x_wconf 89' lang='lat' dir='ltr'><strong>opus</strong></span> <span class='ocrx_word' id='word_1_78' title='bbox 1067 1586 1113 1639; x_wconf 90' lang='lat' dir='ltr'><strong>est</strong></span> <span class='ocrx_word' id='word_1_79' title='bbox 1135 1597 1224 1660; x_wconf 91' lang='lat' dir='ltr'><strong>porro</strong></span> <span class='ocrx_word' id='word_1_80' title='bbox 1243 1572 1321 1637; x_wconf 89' lang='lat' dir='ltr'><strong>haec</strong></span> <span class='ocrx_word' id='word_1_81' title='bbox 1340 1595 1410 1658; x_wconf 89' lang='lat' dir='ltr'><strong>per·</strong></span> 
     </span>
     <span class='ocr_line' id='line_1_11' title="bbox 258 1685 1411 1784; baseline -0.01 -23"><span class='ocrx_word' id='word_1_82' title='bbox 258 1698 346 1784; x_wconf 83' lang='lat' dir='ltr'><strong>sequi</strong></span> <span class='ocrx_word' id='word_1_83' title='bbox 381 1694 441 1784; x_wconf 81' lang='lat' dir='ltr'><strong>(t).</strong></span> <span class='ocrx_word' id='word_1_84' title='bbox 474 1697 560 1759; x_wconf 90' lang='lat' dir='ltr'><strong>Ilanc</strong></span> <span class='ocrx_word' id='word_1_85' title='bbox 583 1695 665 1758; x_wconf 87' lang='lat' dir='ltr'><strong>enim</strong></span> <span class='ocrx_word' id='word_1_86' title='bbox 701 1714 852 1756; x_wconf 84' lang='lat' dir='ltr'><strong>summam</strong></span> <span class='ocrx_word' id='word_1_87' title='bbox 879 1692 1040 1778; x_wconf 82' lang='lat' dir='ltr'><strong>cogimus,</strong></span> <span class='ocrx_word' id='word_1_88' title='bbox 1062 1685 1294 1752; x_wconf 77' lang='lat' dir='ltr'><strong>commentarios</strong></span> <span class='ocrx_word' id='word_1_89' title='bbox 1315 1686 1411 1750; x_wconf 91' lang='lat' dir='ltr'><strong>dictos</strong></span> 
     </span>
     <span class='ocr_line' id='line_1_12' title="bbox 259 1799 1411 1892; baseline -0.011 -16"><span class='ocrx_word' id='word_1_90' title='bbox 259 1834 322 1877; x_wconf 88' lang='lat' dir='ltr'><strong>esse</strong></span> <span class='ocrx_word' id='word_1_91' title='bbox 355 1811 447 1875; x_wconf 88' lang='lat' dir='ltr'><strong>libros</strong></span> <span class='ocrx_word' id='word_1_92' title='bbox 476 1810 524 1874; x_wconf 80' lang='lat' dir='ltr'><strong>rel</strong></span> <span class='ocrx_word' id='word_1_93' title='bbox 547 1809 666 1874; x_wconf 92' lang='lat' dir='ltr'><strong>tabulas</strong></span> <span class='ocrx_word' id='word_1_94' title='bbox 687 1808 734 1871; x_wconf 85' lang='lat' dir='ltr'><strong>rel</strong></span> <span class='ocrx_word' id='word_1_95' title='bbox 758 1805 884 1871; x_wconf 89' lang='lat' dir='ltr'><strong>schedas</strong></span> <span class='ocrx_word' id='word_1_96' title='bbox 912 1806 1166 1892; x_wconf 89' lang='lat' dir='ltr'><strong>qualescunque,</strong></span> <span class='ocrx_word' id='word_1_97' title='bbox 1189 1799 1361 1865; x_wconf 90' lang='lat' dir='ltr'><strong>reconditas</strong></span> <span class='ocrx_word' id='word_1_98' title='bbox 1381 1810 1411 1863; x_wconf 90' lang='lat' dir='ltr'><strong>et</strong></span> 
     </span>
     <span class='ocr_line' id='line_1_13' title="bbox 258 1916 1409 2010; baseline -0.01 -21"><span class='ocrx_word' id='word_1_99' title='bbox 258 1923 432 2010; x_wconf 85' lang='lat' dir='ltr'><strong>evulgatas,</strong></span> <span class='ocrx_word' id='word_1_100' title='bbox 463 1922 575 2009; x_wconf 86' lang='lat' dir='ltr'><strong>quibus</strong></span> <span class='ocrx_word' id='word_1_101' title='bbox 604 1921 811 1984; x_wconf 86' lang='lat' dir='ltr'><strong>contineretur</strong></span> <span class='ocrx_word' id='word_1_102' title='bbox 840 1916 993 2004; x_wconf 89' lang='lat' dir='ltr'><strong>quidquid</strong></span> <span class='ocrx_word' id='word_1_103' title='bbox 1024 1921 1187 1981; x_wconf 88' lang='lat' dir='ltr'><strong>memoriae</strong></span> <span class='ocrx_word' id='word_1_104' title='bbox 1216 1938 1325 1991; x_wconf 91' lang='lat' dir='ltr'><strong>causa,</strong></span> <span class='ocrx_word' id='word_1_105' title='bbox 1347 1916 1409 1977; x_wconf 87' lang='lat' dir='ltr'><strong>sire</strong></span> 
     </span>
     <span class='ocr_line' id='line_1_14' title="bbox 257 2016 1407 2120; baseline -0.011 -17"><span class='ocrx_word' id='word_1_106' title='bbox 257 2060 329 2103; x_wconf 91' lang='lat' dir='ltr'><strong>suae</strong></span> <span class='ocrx_word' id='word_1_107' title='bbox 359 2039 419 2100; x_wconf 85' lang='lat' dir='ltr'><strong>sire</strong></span> <span class='ocrx_word' id='word_1_108' title='bbox 438 2016 583 2112; x_wconf 83' lang='lat' dir='ltr'><strong>alienae,</strong></span> <span class='ocrx_word' id='word_1_109' title='bbox 613 2036 646 2099; x_wconf 94' lang='lat' dir='ltr'><strong>in</strong></span> <span class='ocrx_word' id='word_1_110' title='bbox 673 2034 777 2120; x_wconf 86' lang='lat' dir='ltr'><strong>primis</strong></span> <span class='ocrx_word' id='word_1_111' title='bbox 805 2033 898 2096; x_wconf 89' lang='lat' dir='ltr'><strong>etiam</strong></span> <span class='ocrx_word' id='word_1_112' title='bbox 925 2032 1122 2117; x_wconf 80' lang='lat' dir='ltr'><strong>posteritatis,</strong></span> <span class='ocrx_word' id='word_1_113' title='bbox 1154 2031 1285 2094; x_wconf 86' lang='lat' dir='ltr'><strong>breviter</strong></span> <span class='ocrx_word' id='word_1_114' title='bbox 1313 2039 1407 2114; x_wconf 87' lang='lat' dir='ltr'><strong>atque</strong></span> 
     </span>
     <span class='ocr_line' id='line_1_15' title="bbox 257 2144 1408 2237; baseline -0.009 -20"><span class='ocrx_word' id='word_1_115' title='bbox 257 2155 392 2217; x_wconf 90' lang='lat' dir='ltr'><strong>incomte</strong></span> <span class='ocrx_word' id='word_1_116' title='bbox 414 2150 482 2237; x_wconf 90' lang='lat' dir='ltr'><strong>quis</strong></span> <span class='ocrx_word' id='word_1_117' title='bbox 504 2159 662 2213; x_wconf 91' lang='lat' dir='ltr'><strong>enotasset.</strong></span> <span class='ocrx_word' id='word_1_118' title='bbox 680 2146 728 2213; x_wconf 80' lang='lat' dir='ltr'><strong>sd</strong></span> <span class='ocrx_word' id='word_1_119' title='bbox 746 2145 829 2211; x_wconf 86' lang='lat' dir='ltr'><strong>banc</strong></span> <span class='ocrx_word' id='word_1_120' title='bbox 852 2146 947 2231; x_wconf 90' lang='lat' dir='ltr'><strong>igitur</strong></span> <span class='ocrx_word' id='word_1_121' title='bbox 970 2169 988 2210; x_wconf 93' lang='lat' dir='ltr'><strong>a</strong></span> <span class='ocrx_word' id='word_1_122' title='bbox 1016 2145 1168 2209; x_wconf 83' lang='lat' dir='ltr'><strong>veteribus</strong></span> <span class='ocrx_word' id='word_1_123' title='bbox 1193 2144 1408 2229; x_wconf 77' lang='lat' dir='ltr'><strong>praescriptam</strong></span> 
     </span>
     <span class='ocr_line' id='line_1_16' title="bbox 257 2256 1408 2355; baseline -0.014 -19"><span class='ocrx_word' id='word_1_124' title='bbox 257 2292 396 2336; x_wconf 88' lang='lat' dir='ltr'><strong>normam</strong></span> <span class='ocrx_word' id='word_1_125' title='bbox 414 2267 595 2355; x_wconf 88' lang='lat' dir='ltr'><strong>significatio</strong></span> <span class='ocrx_word' id='word_1_126' title='bbox 616 2266 777 2330; x_wconf 91' lang='lat' dir='ltr'><strong>locutionis</strong></span> <span class='ocrx_word' id='word_1_127' title='bbox 799 2261 1010 2328; x_wconf 80' lang='lat' dir='ltr'><strong>commentarii</strong></span> <span class='ocrx_word' id='word_1_128' title='bbox 1038 2257 1225 2344; x_wconf 77' lang='lat' dir='ltr'><strong>Pontificum</strong></span> <span class='ocrx_word' id='word_1_129' title='bbox 1252 2259 1313 2320; x_wconf 90' lang='lat' dir='ltr'><strong>iam</strong></span> <span class='ocrx_word' id='word_1_130' title='bbox 1344 2256 1408 2320; x_wconf 81' lang='lat' dir='ltr'><strong>eri·</strong></span> 
     </span>
     <span class='ocr_line' id='line_1_17' title="bbox 258 2373 1408 2473; baseline -0.012 -25"><span class='ocrx_word' id='word_1_131' title='bbox 258 2383 358 2473; x_wconf 91' lang='lat' dir='ltr'><strong>genda</strong></span> <span class='ocrx_word' id='word_1_132' title='bbox 378 2395 438 2459; x_wconf 91' lang='lat' dir='ltr'><strong>est,</strong></span> <span class='ocrx_word' id='word_1_133' title='bbox 468 2382 584 2469; x_wconf 90' lang='lat' dir='ltr'><strong>quippe</strong></span> <span class='ocrx_word' id='word_1_134' title='bbox 610 2403 707 2468; x_wconf 87' lang='lat' dir='ltr'><strong>quae,</strong></span> <span class='ocrx_word' id='word_1_135' title='bbox 730 2378 768 2443; x_wconf 92' lang='lat' dir='ltr'><strong>de</strong></span> <span class='ocrx_word' id='word_1_136' title='bbox 787 2400 856 2441; x_wconf 88' lang='lat' dir='ltr'><strong>mea</strong></span> <span class='ocrx_word' id='word_1_137' title='bbox 875 2377 1001 2463; x_wconf 88' lang='lat' dir='ltr'><strong>quidem</strong></span> <span class='ocrx_word' id='word_1_138' title='bbox 1028 2376 1194 2451; x_wconf 87' lang='lat' dir='ltr'><strong>sententia,</strong></span> <span class='ocrx_word' id='word_1_139' title='bbox 1225 2373 1408 2458; x_wconf 88' lang='lat' dir='ltr'><strong>plerumque</strong></span> 
     </span>
     <span class='ocr_line' id='line_1_18' title="bbox 257 2486 1408 2578; baseline -0.011 -14"><span class='ocrx_word' id='word_1_140' title='bbox 257 2501 337 2564; x_wconf 89' lang='lat' dir='ltr'><strong>male</strong></span> <span class='ocrx_word' id='word_1_141' title='bbox 378 2497 549 2573; x_wconf 84' lang='lat' dir='ltr'><strong>intellecto,</strong></span> <span class='ocrx_word' id='word_1_142' title='bbox 593 2516 729 2558; x_wconf 91' lang='lat' dir='ltr'><strong>errorum</strong></span> <span class='ocrx_word' id='word_1_143' title='bbox 761 2492 967 2577; x_wconf 91' lang='lat' dir='ltr'><strong>complurium</strong></span> <span class='ocrx_word' id='word_1_144' title='bbox 999 2492 1145 2578; x_wconf 76' lang='lat' dir='ltr'><strong>pravique</strong></span> <span class='ocrx_word' id='word_1_145' title='bbox 1176 2489 1214 2554; x_wconf 85' lang='lat' dir='ltr'><strong>de</strong></span> <span class='ocrx_word' id='word_1_146' title='bbox 1244 2486 1408 2554; x_wconf 76' lang='lat' dir='ltr'><strong>assalitus</strong></span> 
     </span>
     <span class='ocr_line' id='line_1_19' title="bbox 255 2606 1030 2697; baseline -0.01 -17"><span class='ocrx_word' id='word_1_147' title='bbox 255 2612 404 2680; x_wconf 79' lang='lat' dir='ltr'><strong>maximis</strong></span> <span class='ocrx_word' id='word_1_148' title='bbox 424 2610 532 2676; x_wconf 91' lang='lat' dir='ltr'><strong>iudicii</strong></span> <span class='ocrx_word' id='word_1_149' title='bbox 552 2611 693 2697; x_wconf 90' lang='lat' dir='ltr'><strong>princeps</strong></span> <span class='ocrx_word' id='word_1_150' title='bbox 709 2628 801 2672; x_wconf 86' lang='lat' dir='ltr'><strong>causa</strong></span> <span class='ocrx_word' id='word_1_151' title='bbox 823 2606 963 2671; x_wconf 89' lang='lat' dir='ltr'><strong>habenda</strong></span> <span class='ocrx_word' id='word_1_152' title='bbox 982 2608 1030 2672; x_wconf 90' lang='lat' dir='ltr'><strong>sit.</strong></span> 
     </span>
    </p>

    <p class='ocr_par' dir='ltr' id='par_1_5' title="bbox 254 2721 1410 3380">
     <span class='ocr_line' id='line_1_20' title="bbox 300 2721 1406 2809; baseline -0.008 -18"><span class='ocrx_word' id='word_1_153' title='bbox 300 2727 376 2792; x_wconf 90' lang='lat' dir='ltr'><strong>Prae</strong></span> <span class='ocrx_word' id='word_1_154' title='bbox 399 2726 541 2790; x_wconf 90' lang='lat' dir='ltr'><strong>omnibus</strong></span> <span class='ocrx_word' id='word_1_155' title='bbox 562 2724 757 2801; x_wconf 87' lang='lat' dir='ltr'><strong>testimoniis,</strong></span> <span class='ocrx_word' id='word_1_156' title='bbox 783 2745 862 2809; x_wconf 88' lang='lat' dir='ltr'><strong>quae</strong></span> <span class='ocrx_word' id='word_1_157' title='bbox 882 2721 945 2786; x_wconf 90' lang='lat' dir='ltr'><strong>buc</strong></span> <span class='ocrx_word' id='word_1_158' title='bbox 963 2723 1115 2807; x_wconf 87' lang='lat' dir='ltr'><strong>pertinere</strong></span> <span class='ocrx_word' id='word_1_159' title='bbox 1135 2732 1297 2806; x_wconf 89' lang='lat' dir='ltr'><strong>putantur,</strong></span> <span class='ocrx_word' id='word_1_160' title='bbox 1315 2742 1406 2806; x_wconf 88' lang='lat' dir='ltr'><strong>grave</strong></span> 
     </span>
     <span class='ocr_line' id='line_1_21' title="bbox 256 2835 1408 2924; baseline -0.009 -16"><span class='ocrx_word' id='word_1_161' title='bbox 256 2853 301 2908; x_wconf 89' lang='lat' dir='ltr'><strong>est</strong></span> <span class='ocrx_word' id='word_1_162' title='bbox 320 2843 482 2906; x_wconf 74' lang='lat' dir='ltr'><strong>Liuianum</strong></span> <span class='ocrx_word' id='word_1_163' title='bbox 503 2839 594 2915; x_wconf 90' lang='lat' dir='ltr'><strong>illud,</strong></span> <span class='ocrx_word' id='word_1_164' title='bbox 620 2839 695 2903; x_wconf 84' lang='lat' dir='ltr'><strong>ttis.</strong></span> <span class='ocrx_word' id='word_1_165' title='bbox 720 2838 774 2906; x_wconf 88' lang='lat' dir='ltr'><strong>VI.</strong></span> <span class='ocrx_word' id='word_1_166' title='bbox 801 2844 829 2902; x_wconf 86' lang='lat'><strong>1.</strong></span> <span class='ocrx_word' id='word_1_167' title='bbox 853 2840 892 2913; x_wconf 76' lang='lat' dir='ltr'><strong>t,</strong></span> <span class='ocrx_word' id='word_1_168' title='bbox 918 2859 982 2924; x_wconf 89' lang='lat' dir='ltr'><strong>quo</strong></span> <span class='ocrx_word' id='word_1_169' title='bbox 1011 2859 1092 2924; x_wconf 89' lang='lat' dir='ltr'><strong>quae</strong></span> <span class='ocrx_word' id='word_1_170' title='bbox 1120 2839 1153 2900; x_wconf 93' lang='lat' dir='ltr'><strong>in</strong></span> <span class='ocrx_word' id='word_1_171' title='bbox 1181 2835 1408 2901; x_wconf 75' lang='lat' dir='ltr'><strong>commentariis</strong></span> 
     </span>
     <span class='ocr_line' id='line_1_22' title="bbox 255 2952 1408 3041; baseline -0.008 -17"><span class='ocrx_word' id='word_1_172' title='bbox 255 2955 441 3041; x_wconf 77' lang='lat' dir='ltr'><strong>Pontificum</strong></span> <span class='ocrx_word' id='word_1_173' title='bbox 464 2955 592 3041; x_wconf 88' lang='lat' dir='ltr'><strong>aliisque</strong></span> <span class='ocrx_word' id='word_1_174' title='bbox 615 2953 746 3039; x_wconf 88' lang='lat' dir='ltr'><strong>publicis</strong></span> <span class='ocrx_word' id='word_1_175' title='bbox 768 2952 952 3038; x_wconf 86' lang='lat' dir='ltr'><strong>privatisque</strong></span> <span class='ocrx_word' id='word_1_176' title='bbox 980 2962 1079 3015; x_wconf 88' lang='lat' dir='ltr'><strong>essent</strong></span> <span class='ocrx_word' id='word_1_177' title='bbox 1105 2952 1328 3029; x_wconf 89' lang='lat' dir='ltr'><strong>monumentis,</strong></span> <span class='ocrx_word' id='word_1_178' title='bbox 1357 2952 1408 3015; x_wconf 88' lang='lat' dir='ltr'><strong>in·</strong></span> 
     </span>
     <span class='ocr_line' id='line_1_23' title="bbox 254 3065 1405 3153; baseline -0.008 -15"><span class='ocrx_word' id='word_1_179' title='bbox 254 3093 346 3138; x_wconf 87' lang='lat' dir='ltr'><strong>censa</strong></span> <span class='ocrx_word' id='word_1_180' title='bbox 365 3093 382 3132; x_wconf 92' lang='lat' dir='ltr'><strong>a</strong></span> <span class='ocrx_word' id='word_1_181' title='bbox 401 3068 497 3132; x_wconf 90' lang='lat' dir='ltr'><strong>Gallis</strong></span> <span class='ocrx_word' id='word_1_182' title='bbox 517 3067 599 3132; x_wconf 84' lang='lat' dir='ltr'><strong>Urbe</strong></span> <span class='ocrx_word' id='word_1_183' title='bbox 620 3067 765 3153; x_wconf 87' lang='lat' dir='ltr'><strong>pleraque</strong></span> <span class='ocrx_word' id='word_1_184' title='bbox 782 3066 929 3128; x_wconf 90' lang='lat' dir='ltr'><strong>interiisse</strong></span> <span class='ocrx_word' id='word_1_185' title='bbox 949 3065 1088 3131; x_wconf 88' lang='lat' dir='ltr'><strong>affirmat.</strong></span> <span class='ocrx_word' id='word_1_186' title='bbox 1105 3067 1142 3129; x_wconf 94' lang='lat' dir='ltr'><strong>In</strong></span> <span class='ocrx_word' id='word_1_187' title='bbox 1160 3087 1254 3153; x_wconf 90' lang='lat' dir='ltr'><strong>quam</strong></span> <span class='ocrx_word' id='word_1_188' title='bbox 1278 3065 1405 3153; x_wconf 91' lang='lat' dir='ltr'><strong>quidem</strong></span> 
     </span>
     <span class='ocr_line' id='line_1_24' title="bbox 254 3168 1410 3270; baseline -0.006 -21"><span class='ocrx_word' id='word_1_189' title='bbox 254 3206 320 3250; x_wconf 87' lang='lat' dir='ltr'><strong>rem</strong></span> <span class='ocrx_word' id='word_1_190' title='bbox 344 3185 489 3270; x_wconf 88' lang='lat' dir='ltr'><strong>ipsam,a</strong></span> <span class='ocrx_word' id='word_1_191' title='bbox 508 3179 672 3243; x_wconf 90' lang='lat' dir='ltr'><strong>Plutarcho</strong></span> <span class='ocrx_word' id='word_1_192' title='bbox 690 3180 782 3242; x_wconf 87' lang='lat' dir='ltr'><strong>etiam</strong></span> <span class='ocrx_word' id='word_1_193' title='bbox 799 3177 898 3268; x_wconf 77' lang='grc' dir='ltr'>(περὶ</span> <span class='ocrx_word' id='word_1_194' title='bbox 911 3180 969 3267; x_wconf 82' lang='grc' dir='ltr'><strong>τῆς</strong></span> <span class='ocrx_word' id='word_1_195' title='bbox 978 3173 1078 3262; x_wconf 64' lang='lat' dir='ltr'><strong>‘Pop</strong></span> <span class='ocrx_word' id='word_1_196' title='bbox 1088 3168 1158 3262; x_wconf 76' lang='grc' dir='ltr'><strong>τῦχ.</strong></span> <span class='ocrx_word' id='word_1_197' title='bbox 1168 3177 1257 3266; x_wconf 84' lang='grc' dir='ltr'>ΧΙΙΙ)</span> <span class='ocrx_word' id='word_1_198' title='bbox 1267 3202 1304 3244; x_wconf 85' lang='lat' dir='ltr'><strong>ex</strong></span> <span class='ocrx_word' id='word_1_199' title='bbox 1323 3180 1410 3255; x_wconf 82' lang='lat' dir='ltr'><strong>Livio</strong></span> 
     </span>
     <span class='ocr_line' id='line_1_25' title="bbox 254 3292 1406 3380; baseline -0.005 -18"><span class='ocrx_word' id='word_1_200' title='bbox 254 3295 414 3374; x_wconf 87' lang='lat' dir='ltr'><strong>traditam,</strong></span> <span class='ocrx_word' id='word_1_201' title='bbox 441 3315 525 3358; x_wconf 87' lang='lat' dir='ltr'><strong>nuno</strong></span> <span class='ocrx_word' id='word_1_202' title='bbox 559 3313 620 3356; x_wconf 91' lang='lat' dir='ltr'><strong>non</strong></span> <span class='ocrx_word' id='word_1_203' title='bbox 656 3293 854 3379; x_wconf 87' lang='lat' dir='ltr'><strong>inquirimus;</strong></span> <span class='ocrx_word' id='word_1_204' title='bbox 887 3292 938 3357; x_wconf 89' lang='lat' dir='ltr'><strong>sed</strong></span> <span class='ocrx_word' id='word_1_205' title='bbox 969 3294 1059 3357; x_wconf 84' lang='lat' dir='ltr'><strong>verba</strong></span> <span class='ocrx_word' id='word_1_206' title='bbox 1088 3293 1293 3369; x_wconf 87' lang='lat' dir='ltr'><strong>attendentes,</strong></span> <span class='ocrx_word' id='word_1_207' title='bbox 1323 3293 1406 3380; x_wconf 90' lang='lat' dir='ltr'><strong>apud</strong></span> 
     </span>
    </p>
   </div>
   <div class='ocr_carea' id='block_1_5' title="bbox 249 3573 1423 4443">
    <p class='ocr_par' dir='ltr' id='par_1_6' title="bbox 252 3573 1406 3932">
     <span class='ocr_line' id='line_1_26' title="bbox 291 3573 1406 3658; baseline 0.001 -24"><span class='ocrx_word' id='word_1_208' title='bbox 291 3580 330 3650; x_wconf 88' lang='grc'><strong>(1)</strong></span> <span class='ocrx_word' id='word_1_209' title='bbox 349 3576 404 3634; x_wconf 83' lang='lat' dir='ltr'><strong>Cic.</strong></span> <span class='ocrx_word' id='word_1_210' title='bbox 422 3593 470 3649; x_wconf 89' lang='lat' dir='ltr'><strong>pro</strong></span> <span class='ocrx_word' id='word_1_211' title='bbox 490 3574 559 3631; x_wconf 73' lang='lat' dir='ltr'><strong>sah.</strong></span> <span class='ocrx_word' id='word_1_212' title='bbox 577 3575 612 3642; x_wconf 91' lang='lat' dir='ltr'><strong>V,</strong></span> <span class='ocrx_word' id='word_1_213' title='bbox 630 3574 704 3631; x_wconf 85' lang='lat' dir='ltr'><strong>ouius</strong></span> <span class='ocrx_word' id='word_1_214' title='bbox 721 3573 773 3631; x_wconf 90' lang='lat' dir='ltr'><strong>Ioci</strong></span> <span class='ocrx_word' id='word_1_215' title='bbox 790 3575 923 3658; x_wconf 83' lang='lat' dir='ltr'><strong>immemor</strong></span> <span class='ocrx_word' id='word_1_216' title='bbox 940 3576 1078 3644; x_wconf 80' lang='lat' dir='ltr'><strong>Peterem,</strong></span> <span class='ocrx_word' id='word_1_217' title='bbox 1096 3576 1130 3632; x_wconf 86' lang='lat' dir='ltr'><strong>de</strong></span> <span class='ocrx_word' id='word_1_218' title='bbox 1146 3575 1230 3648; x_wconf 85' lang='lat' dir='ltr'><strong>origg.</strong></span> <span class='ocrx_word' id='word_1_219' title='bbox 1247 3576 1309 3634; x_wconf 83' lang='lat' dir='ltr'><strong>bist.</strong></span> <span class='ocrx_word' id='word_1_220' title='bbox 1327 3578 1406 3635; x_wconf 82' lang='lat' dir='ltr'><strong>Rom.</strong></span> 
     </span>
     <span class='ocr_line' id='line_1_27' title="bbox 252 3674 1404 3752; baseline 0.003 -20"><span class='ocrx_word' id='word_1_221' title='bbox 252 3695 279 3752; x_wconf 90' lang='lat' dir='ltr'><strong>p.</strong></span> <span class='ocrx_word' id='word_1_222' title='bbox 297 3675 347 3746; x_wconf 70' lang='lat' dir='ltr'><strong>It,</strong></span> <span class='ocrx_word' id='word_1_223' title='bbox 369 3674 478 3747; x_wconf 83' lang='lat' dir='ltr'><strong>negavit</strong></span> <span class='ocrx_word' id='word_1_224' title='bbox 504 3676 685 3730; x_wconf 74' lang='lat' dir='ltr'><strong>commentarios</strong></span> <span class='ocrx_word' id='word_1_225' title='bbox 701 3676 797 3747; x_wconf 60' lang='lat' dir='ltr'><strong>&amp;pum</strong></span> <span class='ocrx_word' id='word_1_226' title='bbox 813 3674 854 3730; x_wconf 79' lang='lat' dir='ltr'><strong>ita</strong></span> <span class='ocrx_word' id='word_1_227' title='bbox 870 3674 900 3730; x_wconf 89' lang='lat' dir='ltr'><strong>in</strong></span> <span class='ocrx_word' id='word_1_228' title='bbox 916 3674 1068 3731; x_wconf 82' lang='lat' dir='ltr'><strong>umversum</strong></span> <span class='ocrx_word' id='word_1_229' title='bbox 1084 3693 1101 3731; x_wconf 88' lang='lat' dir='ltr'><strong>a</strong></span> <span class='ocrx_word' id='word_1_230' title='bbox 1127 3695 1259 3748; x_wconf 85' lang='lat' dir='ltr'><strong>quoquam</strong></span> <span class='ocrx_word' id='word_1_231' title='bbox 1284 3681 1404 3736; x_wconf 80' lang='lat' dir='ltr'><strong>veterum</strong></span> 
     </span>
     <span class='ocr_line' id='line_1_28' title="bbox 253 3771 1406 3850; baseline 0.003 -19"><span class='ocrx_word' id='word_1_232' title='bbox 253 3772 369 3842; x_wconf 67' lang='lat' dir='ltr'><strong>bodasi,</strong></span> <span class='ocrx_word' id='word_1_233' title='bbox 392 3771 498 3828; x_wconf 81' lang='lat' dir='ltr'><strong>tametsi</strong></span> <span class='ocrx_word' id='word_1_234' title='bbox 514 3774 631 3828; x_wconf 82' lang='lat' dir='ltr'><strong>ceterum</strong></span> <span class='ocrx_word' id='word_1_235' title='bbox 653 3772 695 3829; x_wconf 85' lang='lat' dir='ltr'><strong>sui</strong></span> <span class='ocrx_word' id='word_1_236' title='bbox 714 3773 779 3828; x_wconf 85' lang='lat' dir='ltr'><strong>iuris</strong></span> <span class='ocrx_word' id='word_1_237' title='bbox 803 3778 858 3841; x_wconf 83' lang='lat' dir='ltr'><strong>est,</strong></span> <span class='ocrx_word' id='word_1_238' title='bbox 882 3773 929 3830; x_wconf 87' lang='lat' dir='ltr'><strong>ubi</strong></span> <span class='ocrx_word' id='word_1_239' title='bbox 951 3773 1063 3830; x_wconf 80' lang='lat' dir='ltr'><strong>affirmet</strong></span> <span class='ocrx_word' id='word_1_240' title='bbox 1084 3775 1150 3832; x_wconf 83' lang='lat' dir='ltr'><strong>certi</strong></span> <span class='ocrx_word' id='word_1_241' title='bbox 1171 3777 1306 3834; x_wconf 73' lang='lat' dir='ltr'><strong>cuiusdam</strong></span> <span class='ocrx_word' id='word_1_242' title='bbox 1323 3776 1406 3850; x_wconf 76' lang='lat' dir='ltr'><strong>Regis</strong></span> 
     </span>
     <span class='ocr_line' id='line_1_29' title="bbox 252 3868 532 3932; baseline -0.025 0"><span class='ocrx_word' id='word_1_243' title='bbox 252 3889 347 3932; x_wconf 86' lang='lat' dir='ltr'><strong>nomen</strong></span> <span class='ocrx_word' id='word_1_244' title='bbox 364 3869 425 3926; x_wconf 85' lang='lat' dir='ltr'><strong>addi</strong></span> <span class='ocrx_word' id='word_1_245' title='bbox 441 3868 532 3926; x_wconf 81' lang='lat' dir='ltr'><strong>solere.</strong></span> 
     </span>
    </p>

    <p class='ocr_par' dir='ltr' id='par_1_7' title="bbox 249 3969 1423 4443">
     <span class='ocr_line' id='line_1_30' title="bbox 289 3969 1405 4044; baseline 0.004 -17"><span class='ocrx_word' id='word_1_246' title='bbox 289 3972 328 4044; x_wconf 76' lang='lat'><strong>(2)</strong></span> <span class='ocrx_word' id='word_1_247' title='bbox 354 3969 416 4026; x_wconf 80' lang='lat' dir='ltr'><strong>otto</strong></span> <span class='ocrx_word' id='word_1_248' title='bbox 437 3971 546 4024; x_wconf 79' lang='lat' dir='ltr'><strong>tantum</strong></span> <span class='ocrx_word' id='word_1_249' title='bbox 565 3971 647 4025; x_wconf 84' lang='lat' dir='ltr'><strong>testes</strong></span> <span class='ocrx_word' id='word_1_250' title='bbox 670 3969 822 4026; x_wconf 82' lang='lat' dir='ltr'><strong>Ciceronem</strong></span> <span class='ocrx_word' id='word_1_251' title='bbox 844 3970 921 4028; x_wconf 83' lang='lat' dir='ltr'><strong>Verr.</strong></span> <span class='ocrx_word' id='word_1_252' title='bbox 945 3971 986 4030; x_wconf 93' lang='lat' dir='ltr'><strong>II.</strong></span> <span class='ocrx_word' id='word_1_253' title='bbox 1011 3975 1036 4031; x_wconf 84' lang='lat'><strong>5.</strong></span> <span class='ocrx_word' id='word_1_254' title='bbox 1064 3975 1114 4042; x_wconf 71' lang='lat'><strong>213</strong></span> <span class='ocrx_word' id='word_1_255' title='bbox 1142 3973 1250 4031; x_wconf 81' lang='lat' dir='ltr'><strong>Livium</strong></span> <span class='ocrx_word' id='word_1_256' title='bbox 1275 3974 1405 4034; x_wconf 82' lang='lat' dir='ltr'><strong>XXXIX.</strong></span> 
     </span>
     <span class='ocr_line' id='line_1_31' title="bbox 253 4067 1406 4174; baseline 0.005 -50"><span class='ocrx_word' id='word_1_257' title='bbox 253 4071 297 4174; x_wconf 53' lang='lat' dir='ltr'><strong>IV.</strong></span> <span class='ocrx_word' id='word_1_258' title='bbox 316 4069 346 4139; x_wconf 84' lang='lat'><strong>3,</strong></span> <span class='ocrx_word' id='word_1_259' title='bbox 370 4067 417 4141; x_wconf 87' lang='lat' dir='ltr'><strong>qui</strong></span> <span class='ocrx_word' id='word_1_260' title='bbox 439 4085 526 4141; x_wconf 86' lang='lat' dir='ltr'><strong>presse</strong></span> <span class='ocrx_word' id='word_1_261' title='bbox 549 4067 667 4140; x_wconf 83' lang='lat' dir='ltr'><strong>sequitur</strong></span> <span class='ocrx_word' id='word_1_262' title='bbox 690 4067 831 4141; x_wconf 73' lang='lat' dir='ltr'><strong>Polybium</strong></span> <span class='ocrx_word' id='word_1_263' title='bbox 845 4069 948 4127; x_wconf 82' lang='lat' dir='ltr'><strong>XXIV.</strong></span> <span class='ocrx_word' id='word_1_264' title='bbox 968 4073 1001 4140; x_wconf 75' lang='lat' dir='ltr'><strong>d,</strong></span> <span class='ocrx_word' id='word_1_265' title='bbox 1025 4076 1210 4130; x_wconf 85' lang='lat' dir='ltr'><strong>memorantem</strong></span> <span class='ocrx_word' id='word_1_266' title='bbox 1226 4074 1338 4147; x_wconf 88' lang='lat' dir='ltr'><strong>primum</strong></span> <span class='ocrx_word' id='word_1_267' title='bbox 1357 4075 1406 4147; x_wconf 75' lang='lat'><strong>§4</strong></span> 
     </span>
     <span class='ocr_line' id='line_1_32' title="bbox 252 4149 1407 4246; baseline 0.011 -26"><span class='ocrx_word' id='word_1_268' title='bbox 252 4149 554 4239; x_wconf 76' lang='grc' dir='ltr'><strong><em>νπομνηματισμούς,</em></strong></span> <span class='ocrx_word' id='word_1_269' title='bbox 573 4183 634 4222; x_wconf 86' lang='lat' dir='ltr'><strong>mox</strong></span> <span class='ocrx_word' id='word_1_270' title='bbox 653 4166 666 4239; x_wconf 69' lang='lat' dir='ltr'><strong>t</strong></span> <span class='ocrx_word' id='word_1_271' title='bbox 685 4168 699 4222; x_wconf 85' lang='lat'>5</span> <span class='ocrx_word' id='word_1_272' title='bbox 718 4150 935 4240; x_wconf 75' lang='grc' dir='ltr'><em>ὖπομνήματα;</em></span> <span class='ocrx_word' id='word_1_273' title='bbox 955 4168 1086 4228; x_wconf 87' lang='lat' dir='ltr'><strong>Velleinm</strong></span> <span class='ocrx_word' id='word_1_274' title='bbox 1107 4170 1167 4228; x_wconf 87' lang='lat' dir='ltr'><strong>Pet.</strong></span> <span class='ocrx_word' id='word_1_275' title='bbox 1185 4171 1225 4229; x_wconf 91' lang='lat' dir='ltr'><strong>H.</strong></span> <span class='ocrx_word' id='word_1_276' title='bbox 1243 4174 1286 4229; x_wconf 84' lang='grc'><strong>60.</strong></span> <span class='ocrx_word' id='word_1_277' title='bbox 1304 4175 1336 4243; x_wconf 81' lang='lat'><strong>4,</strong></span> <span class='ocrx_word' id='word_1_278' title='bbox 1354 4191 1407 4246; x_wconf 77' lang='lat' dir='ltr'><strong>qno</strong></span> 
     </span>
     <span class='ocr_line' id='line_1_33' title="bbox 251 4265 1423 4344; baseline 0.007 -20"><span class='ocrx_word' id='word_1_279' title='bbox 251 4267 325 4337; x_wconf 85' lang='lat' dir='ltr'><strong>loeo,</strong></span> <span class='ocrx_word' id='word_1_280' title='bbox 344 4285 421 4341; x_wconf 86' lang='lat' dir='ltr'><strong>quem</strong></span> <span class='ocrx_word' id='word_1_281' title='bbox 438 4265 508 4323; x_wconf 78' lang='lat' dir='ltr'><strong>Infra</strong></span> <span class='ocrx_word' id='word_1_282' title='bbox 521 4284 581 4325; x_wconf 85' lang='lat' dir='ltr'><strong>omn</strong></span> <span class='ocrx_word' id='word_1_283' title='bbox 597 4267 756 4326; x_wconf 79' lang='lat' dir='ltr'><strong>testimoniis</strong></span> <span class='ocrx_word' id='word_1_284' title='bbox 772 4270 930 4328; x_wconf 84' lang='lat' dir='ltr'><strong>Graecorum</strong></span> <span class='ocrx_word' id='word_1_285' title='bbox 947 4290 1006 4328; x_wconf 88' lang='lat' dir='ltr'><strong>sum</strong></span> <span class='ocrx_word' id='word_1_286' title='bbox 1023 4271 1183 4344; x_wconf 84' lang='lat' dir='ltr'><strong>collaturus,</strong></span> <span class='ocrx_word' id='word_1_287' title='bbox 1201 4274 1423 4332; x_wconf 85' lang='lat' dir='ltr'><strong>Antoninsscri·&#39;</strong></span> 
     </span>
     <span class='ocr_line' id='line_1_34' title="bbox 249 4366 1403 4443; baseline 0.007 -19"><span class='ocrx_word' id='word_1_288' title='bbox 249 4366 325 4424; x_wconf 66' lang='lat' dir='ltr'><strong>vbitur</strong></span> <span class='ocrx_word' id='word_1_289' title='bbox 350 4373 482 4425; x_wconf 77' lang='lat' dir='ltr'><strong>raetorum</strong></span> <span class='ocrx_word' id='word_1_290' title='bbox 504 4367 624 4425; x_wconf 81' lang='lat' dir='ltr'><strong>Oeessris</strong></span> <span class='ocrx_word' id='word_1_291' title='bbox 648 4368 795 4442; x_wconf 84' lang='lat' dir='ltr'><strong>corrupisse</strong></span> <span class='ocrx_word' id='word_1_292' title='bbox 816 4374 1039 4438; x_wconf 62' lang='lat' dir='ltr'><strong>momentarium</strong></span> <span class='ocrx_word' id='word_1_293' title='bbox 1062 4372 1184 4429; x_wconf 78' lang='lat' dir='ltr'><strong>Tacitum</strong></span> <span class='ocrx_word' id='word_1_294' title='bbox 1199 4377 1270 4430; x_wconf 84' lang='lat' dir='ltr'><strong>Arm</strong></span> <span class='ocrx_word' id='word_1_295' title='bbox 1288 4374 1339 4430; x_wconf 90' lang='lat' dir='ltr'><strong>VI.</strong></span> <span class='ocrx_word' id='word_1_296' title='bbox 1358 4375 1403 4443; x_wconf 75' lang='lat' dir='ltr'><strong>tr,</strong></span> 
     </span>
    </p>
   </div>
   <div class='ocr_carea' id='block_1_6' title="bbox 250 4465 1395 4639">
    <p class='ocr_par' dir='ltr' id='par_1_8' title="bbox 250 4465 1395 4639">
     <span class='ocr_line' id='line_1_35' title="bbox 252 4465 1395 4547; baseline 0.006 -24"><span class='ocrx_word' id='word_1_297' title='bbox 252 4466 334 4523; x_wconf 88' lang='lat' dir='ltr'><strong>XIII.</strong></span> <span class='ocrx_word' id='word_1_298' title='bbox 360 4467 395 4520; x_wconf 82' lang='lat'><strong>43</strong></span> <span class='ocrx_word' id='word_1_299' title='bbox 421 4467 499 4538; x_wconf 82' lang='lat' dir='ltr'><strong>(quoe</strong></span> <span class='ocrx_word' id='word_1_300' title='bbox 521 4465 625 4523; x_wconf 87' lang='lat' dir='ltr'><strong>nonnisi</strong></span> <span class='ocrx_word' id='word_1_301' title='bbox 643 4466 675 4522; x_wconf 89' lang='lat' dir='ltr'><strong>de</strong></span> <span class='ocrx_word' id='word_1_302' title='bbox 692 4467 805 4540; x_wconf 81' lang='lat' dir='ltr'><strong>priretis</strong></span> <span class='ocrx_word' id='word_1_303' title='bbox 822 4469 924 4527; x_wconf 83' lang='lat' dir='ltr'><strong>schedis</strong></span> <span class='ocrx_word' id='word_1_304' title='bbox 942 4475 1053 4544; x_wconf 82' lang='lat' dir='ltr'><strong>possunt</strong></span> <span class='ocrx_word' id='word_1_305' title='bbox 1070 4472 1179 4547; x_wconf 80' lang='lat' dir='ltr'><strong>accipi),</strong></span> <span class='ocrx_word' id='word_1_306' title='bbox 1196 4474 1268 4530; x_wconf 83' lang='lat' dir='ltr'><strong>Hist.</strong></span> <span class='ocrx_word' id='word_1_307' title='bbox 1286 4473 1339 4531; x_wconf 89' lang='lat' dir='ltr'><strong>IV.</strong></span> <span class='ocrx_word' id='word_1_308' title='bbox 1357 4476 1395 4530; x_wconf 84' lang='lat'><strong>40</strong></span> 
     </span>
     <span class='ocr_line' id='line_1_36' title="bbox 250 4564 770 4639; baseline 0.004 -19"><span class='ocrx_word' id='word_1_309' title='bbox 250 4565 358 4621; x_wconf 82' lang='lat' dir='ltr'><strong>Sueten.</strong></span> <span class='ocrx_word' id='word_1_310' title='bbox 377 4564 470 4622; x_wconf 84' lang='lat' dir='ltr'><strong>Octar.</strong></span> <span class='ocrx_word' id='word_1_311' title='bbox 489 4565 590 4634; x_wconf 82' lang='lat' dir='ltr'><strong>LXIV,</strong></span> <span class='ocrx_word' id='word_1_312' title='bbox 607 4566 691 4639; x_wconf 81' lang='lat' dir='ltr'><strong>Gsbg.</strong></span> <span class='ocrx_word' id='word_1_313' title='bbox 709 4567 770 4622; x_wconf 88' lang='lat' dir='ltr'><strong>XV.</strong></span> 
     </span>
    </p>
   </div>
   <div class='ocr_carea' id='block_1_7' title="bbox 0 0 1580 5275">
    <p class='ocr_par' dir='ltr' id='par_1_9' title="bbox 0 0 1580 5275">
     <span class='ocr_line' id='line_1_37' title="bbox 0 0 1580 5275; baseline 0 3"><span class='ocrx_word' id='word_1_314' title='bbox 0 0 1580 5275; x_wconf 95' lang='lat' dir='ltr'><strong> </strong></span> 
     </span>
    </p>
   </div>
  </div>
 </body>
</html>
