3150 5275
826 468 867 529 ao
923 531 925 534 .

256 692 339 737 more
367 671 576 734 Romanorum
602 668 724 753 privatis
754 668 812 731 nisi
841 688 961 753 prorsus
994 669 1212 747 interclusum,
1239 668 1405 737 admodum

254 796 358 850 tamen
378 782 534 847 difficilem
553 781 672 847 luisse»
693 792 775 847 recte
798 782 900 847 effecit
922 784 1053 848 Xrnsius
1076 783 1108 871 (l.
1132 783 1152 850 l.
1176 785 1207 848 11
1224 807 1255 870 p.
1268 789 1308 850 tt
1330 788 1403 875 sq),

253 898 412 986 quidest,
444 895 526 983 quod
557 916 617 959 non
640 897 772 981 patuisse
796 896 910 974 Fabiis,
942 919 1003 961 non
1026 901 1140 965 Porciis
1161 899 1316 982 rideatur,
1342 924 1403 967 non

252 1015 433 1099 Scipionum
453 1013 652 1077 familiaribus
674 1012 770 1076 Ennio
793 1011 1006 1100 Polybioque?

293 1130 360 1192 IIoc
395 1139 542 1214 tanquam
572 1126 666 1191 stadio
695 1128 765 1191 satis
799 1148 923 1192 arenoso
956 1150 1118 1213 percurso,
1157 1129 1235 1193 nihil
1271 1132 1404 1217 amplius

252 1264 305 1307 nos
338 1252 490 1320 moratur,
523 1243 599 1328 quin
622 1263 701 1329 quae
723 1241 762 1305 ad
782 1243 879 1327 ipsam
902 1243 1126 1308 confectionem
1151 1243 1311 1308 annalium
1331 1268 1402 1331 per·

251 1358 349 1421 tinent
379 1367 550 1444 spectemus
580 1358 712 1442 propius.
737 1358 784 1423 Ad
816 1381 910 1446 quam
941 1359 1066 1446 quidem
1091 1380 1155 1422 rem
1177 1358 1404 1443 impediendam

251 1493 344 1560 ([ιιιιιιι
367 1469 587 1558 expediendam
609 1473 773 1557 paratiores
793 1474 964 1538 invenimus
985 1474 1212 1560 grammaticos:
1236 1460 1307 1537 nam
1326 1472 1400 1538 Gel-

249 1586 309 1650 lius
334 1584 400 1675 (IV.
426 1586 470 1673 a),
492 1587 671 1650 fortassean
694 1587 802 1654 Verrio
825 1586 953 1666 Ilacco,
982 1588 1097 1653 librum
1117 1588 1314 1654 andecimum
1335 1591 1402 1656 lau·

251 1700 321 1779 dat,
342 1702 462 1765 Servius
485 1722 626 1765 «annuos
645 1702 878 1765 commentarios
895 1703 928 1765 in
947 1703 1097 1790 octaginta
1116 1704 1207 1769 libras
1223 1704 1404 1792 auctoribus

249 1816 384 1880 relatos»
417 1827 551 1882 testatur.
575 1816 663 1897 Quae
685 1814 793 1879 divisio
816 1817 847 1879 in
871 1815 963 1880 libros
983 1827 1018 1880 ut
1039 1840 1059 1881 a
1083 1817 1228 1882 Cicerone
1251 1839 1290 1882 nc
1312 1819 1401 1883 levis·

249 1930 325 1993 simo
353 1929 479 2016 quidem
507 1929 622 1995 indicio
651 1932 886 2019 comprobatur,
916 1933 959 1997 ita
979 1934 1071 2018 possit
1093 1932 1224 1998 dubium
1243 1931 1339 1997 videri
1359 1955 1399 1997 an

248 2045 349 2109 statim
377 2045 418 2108 ab
441 2046 528 2110 initio
558 2048 695 2113 instituta
715 2049 825 2127 suerit,
847 2050 1000 2134 reputanti
1023 2070 1102 2135 quae
1125 2046 1215 2111 tradit
1237 2049 1401 2113 Suetonius

249 2158 287 2223 de
310 2160 355 2223 ill.
376 2183 504 2246 gramm.
527 2164 577 2227 II:
607 2164 663 2229 «G.
686 2162 832 2227 Octavius
853 2162 1018 2248 Lampadio
1035 2163 1141 2227 Naevii
1164 2160 1318 2226 Paca'cam
1337 2162 1399 2227 tet-

250 2273 333 2351 lom,
368 2274 449 2361 quod
487 2298 549 2340 uno
580 2277 735 2341 volumino
771 2288 802 2341 et
832 2278 1001 2342 continenti
1033 2277 1183 2362 scriptura
1213 2278 1398 2362 expositum,

248 2387 349 2452 divisit
368 2389 400 2451 in
420 2399 535 2473 septem
556 2389 665 2467 libros,
688 2403 722 2456 ut
742 2403 844 2478 postea
856 2394 895 2475 Q.
909 2392 1115 2478 Vargunteius
1132 2390 1397 2457 aaaalesEnnii».

249 2504 300 2568 Est
331 2516 432 2568 tamen
461 2503 519 2568 hoc
549 2526 610 2570 non
639 2507 812 2594 urgendum
839 2509 947 2586 nimis,
977 2528 1074 2594 quum
1103 2517 1133 2570 et
1156 2507 1295 2571 Suetonii
1316 2508 1399 2569 testi-

250 2622 388 2685 monium
410 2619 496 2685 valde
518 2621 652 2686 incertae
672 2620 745 2686 fidei
767 2623 805 2686 sit
831 2620 901 2710 (vid.
923 2620 1055 2690 Vahlen.
1076 2621 1155 2686 Enn.
1175 2643 1256 2706 pocs.
1279 2621 1344 2686 rell.
1367 2644 1398 2706 p.

249 2737 354 2802 XVIII
374 2737 446 2825 sq),
467 2749 515 2816 et,
535 2749 570 2803 ut
588 2737 646 2801 hoc
665 2738 856 2823 potissimum
873 2738 1013 2823 exemplo
1031 2747 1115 2813 utar,
1133 2736 1206 2801 (lato
1224 2737 1316 2800 etiam
1329 2758 1397 2800 suas

248 2849 412 2914 canalibus
429 2851 613 2937 antiquiores
632 2850 766 2936 oripiaes
784 2853 848 2937 ipsc
867 2853 899 2916 in
917 2851 1011 2916 libros
1026 2851 1169 2917 diviserit.
1188 2853 1283 2916 Multo
1300 2853 1398 2938 magis

248 2976 292 3028 est
310 2963 392 3050 quod
410 2985 555 3028 numerus
576 2965 724 3032 librorum
742 2965 835 3030 fidem
857 2965 980 3043 demat,
1000 2988 1111 3053 quem,
1129 2966 1184 3032 Gn.
1205 2966 1338 3031 Gellium
1358 2987 1397 3029 nc

248 3082 422 3158 nominem,
446 3081 536 3145 cuins
554 3079 699 3145 canalem
721 3078 835 3146 XCVII
858 3080 915 3143 sibi
938 3079 1050 3144 haheat
1078 3079 1229 3145 Charisius
1249 3085 1264 3144 Ι
1284 3104 1315 3167 p.
1339 3082 1398 3156 40,

247 3194 455 3281 antiquiorum
478 3192 690 3258 historicorum
715 3217 796 3259 unus
818 3193 958 3262 Valerius
977 3195 1083 3260 Antias
1099 3195 1297 3259 Pontificibus
1316 3195 1399 3259 velut

248 3309 391 3373 invidisse
413 3307 568 3387 rideatur,
589 3309 704 3395 quippe
726 3311 816 3372 cuius
839 3307 1038 3372 historiarum
1057 3309 1168 3376 LXXV
1189 3309 1302 3372 libmm
1325 3307 1399 3372 Gel-

247 3425 306 3488 lius
325 3423 430 3488 afferat
456 3422 538 3511 (VII.
558 3426 577 3488 9
601 3446 623 3488 s.
645 3424 666 3489 s.
689 3423 734 3488 Gi.
756 3422 905 3488 Liebaldt.
928 3423 967 3487 de
985 3423 1055 3491 Val.
1078 3423 1148 3487 Ant.
1173 3445 1204 3507 p.
1226 3426 1247 3488 6
1267 3421 1339 3510 sq),
1363 3434 1397 3488 ut

247 3537 345 3601 multo
368 3537 543 3621 postillam
566 3538 667 3601 Livius
687 3536 801 3600 librum
823 3538 935 3601 LXXX
956 3536 1054 3600 finivit
1077 3537 1110 3600 in
1131 3548 1226 3601 morte
1245 3539 1279 3605 G.
1299 3540 1396 3605 diarii.

249 3652 388 3719 Conferri
408 3675 478 3717 vero
495 3652 572 3716 haec
595 3652 735 3737 exempla
757 3673 831 3715 cum
852 3650 1017 3715 annalibus
1028 3649 1215 3736 Pontificum
1227 3665 1396 3741 nequeunt,

249 3766 305 3829 nisi
333 3777 387 3830 aut
416 3787 563 3852 negemus
592 3767 710 3844 omnia,
736 3788 817 3853 quae
848 3765 886 3829 de
906 3767 1039 3829 incomta
1057 3769 1192 3833 oratione
1212 3771 1396 3856 concisaque

249 3883 372 3948 dIcendi
394 3884 559 3961 brevitate,
582 3884 617 3946 iis
641 3883 673 3946 in
695 3883 801 3967 primis
823 3882 961 3967 propria,
985 3882 1087 3968 plures
1104 3883 1319 3968 prodiderunt,
1343 3893 1397 3949 aut

247 4019 348 4062 rerum
369 3999 576 4062 Romanarum
600 3997 797 4074 memoriam,
821 3996 879 4061 sub
902 4019 931 4062 a.
946 3997 991 4063 'U.
1016 4000 1079 4063 628
1100 4021 1136 4062 ex
1155 4000 1396 4077 commentariis,

250 4113 405 4201 inquibus
426 4114 534 4200 utique
554 4113 673 4199 planias
692 4133 784 4198 quam
806 4112 839 4175 in
863 4110 973 4175 tabulis
995 4110 1081 4175 fieret
1100 4113 1266 4198 perscripta
1277 4135 1340 4177 esse
1352 4113 1398 4174 si-

248 4226 354 4306 detur,
375 4226 480 4290 referri
501 4227 533 4290 in
555 4226 647 4290 libros
666 4235 823 4312 coeptam,
837 4227 917 4290 ultra
927 4225 1141 4289 Pontificatum
1154 4227 1188 4290 P.
1200 4226 1292 4289 Mucii
1305 4227 1395 4310 longe

249 4341 430 4427 productam
451 4351 628 4405 statuamus.
650 4340 751 4427 Atque
769 4339 820 4404 hic
844 4351 943 4404 tantus
965 4341 1112 4404 librorum
1136 4363 1282 4405 numerus
1303 4341 1397 4405 movit

249 4459 426 4535 nonnullos,
468 4468 503 4521 ut
543 4455 750 4519 maximorum
792 4454 953 4520 annalium
990 4477 1087 4542 quum
1119 4457 1275 4541 duplicem
1306 4457 1397 4520 luisse

245 4573 454 4638 recensionem
479 4573 701 4650 existimarent,
722 4571 784 4635 duo
808 4572 890 4635 velut
911 4592 1021 4657 genera
1048 4570 1287 4659 distinguerent,
1315 4595 1395 4659 ‹rge-
