3150 5275
707 489 746 549 77

152 694 212 760 hoc
233 696 317 759 fonte
340 692 463 777 petitam
487 710 566 765 esse,
591 689 674 751 omni
705 698 787 751 caret
815 683 925 761 dubi0;
959 683 1121 759 «Ennius,
1153 683 1306 769 quomodo

152 832 268 875 annum
289 809 370 871 illius
381 806 448 869 solis
466 802 601 867 delectus
622 801 809 887 significarit,
827 800 1006 875 nescituro3
1030 796 1081 861 sed
1101 798 1307 863 incoantibus

153 922 300 987 morioris
322 921 409 983 aliter
433 939 526 1004 quam
549 917 715 982 Consulum
738 918 932 1002 aliorumque
953 914 1186 999 magistratuum
1209 917 1307 979 uomi-

153 1038 244 1101 nibus
273 1056 364 1099 annos
395 1054 457 1095 esse
480 1029 668 1116 designatos,
692 1032 867 1095 coniectura
898 1040 943 1093 est
971 1052 990 1092 a
1016 1009 1101 1093 nullo
1129 1053 1230 1116 oeque
1257 1033 1310 1096 illo

150 1152 258 1215 locoa
286 1149 433 1214 Cicerone
465 1144 661 1222 confirmata3
691 1144 724 1209 id
753 1144 836 1231 quod
865 1146 929 1230 ipse
959 1156 1119 1209 contextus
1148 1148 1308 1211 verborum

154 1266 222 1328 satis
244 1284 396 1348 superque
420 1260 518 1323 docet.
541 1259 639 1322 Probe
662 1280 778 1323 memor
799 1260 933 1336 Tullius,
952 1282 983 1322 se
994 1258 1146 1323 induxisse
1157 1259 1310 1324 dicentem

133 1378 347 1462 vScipionem,
383 1372 501 1458 Polybii
523 1371 727 1457 discipulum,
750 1371 842 1435 buius
864 1394 957 1459 quam
987 1385 1095 1437 vocant
1115 1397 1235 1452 aeram,
1258 1397 1309 1439 ce·

156 1505 257 1557 terum
281 1493 340 1575 ipsi
361 1511 422 1553 non
453 1487 656 1563 observatam,
681 1498 748 1550 tum
769 1500 850 1551 recte
871 1500 994 1553 secutus
1018 1501 1072 1553 est·
1101 1489 1208 1570 Quum
1228 1492 1312 1554 enim

156 1605 362 1682 desecuisset
383 1624 462 1667 anno
485 1624 513 1665 a.
536 1600 590 1666 ch.
612 1624 643 1665 n.
666 1604 738 1679 599,
760 1600 845 1665 hunc
862 1624 1027 1667 numerum
1047 1606 1071 1667 si
1083 1604 1175 1668 addes
1186 1604 1223 1668 ad
1238 1608 1311 1683 550,

156 1720 282 1784 habebis
305 1739 424 1782 annum
453 1738 480 1781 a.
511 1715 566 1783 Ch.
597 1719 677 1795 749,
709 1739 771 1803 quo
799 1739 879 1781 anno
905 1720 1034 1782 Romam
1065 1719 1218 1783 conditam
1249 1742 1313 1784 esse

158 1836 300 1922 Polybius
323 1834 436 1897 statuit.

199 1952 260 2015 Sed
279 1947 361 2037 quod
384 1945 472 2011 modo
495 1948 632 2010 universe
655 1946 823 2033 negabam,
842 1970 1030 2036 aquoquam
1053 1962 1193 2014 veterum
1205 1929 1314 2015 diserte

158 2067 251 2145 tradi,
274 2084 483 2152 pernumcros
496 2063 585 2125 luisse
605 2062 637 2125 in
659 2062 809 2126 maximis
831 2064 1000 2127 cubitalibus
1022 2064 1185 2151 descriptos
1205 2089 1315 2143 annos,

158 2180 189 2247 id
210 2190 344 2244 mentem
363 2186 483 2241 revocat
500 2174 537 2239 ad
550 2177 755 2240 testimoninm
769 2179 920 2264 Dionysii,
940 2201 958 2241 a
976 2179 1145 2243 Niebuhrio
1158 2182 1312 2265 praeclare

156 2294 363 2359 emendatum.
387 2291 458 2360 Vitl.
481 2313 571 2376 supra
596 2314 625 2376 p.
652 2296 690 2355 54
713 2313 756 2377 sq.
780 2294 861 2356 Hinc
884 2294 966 2358 enim
997 2296 1132 2361 Clericus
1165 2298 1207 2384 (p.
1235 2298 1308 2385 109)

159 2414 291 2498 aliique,
314 2420 479 2495 praecunte
505 2406 673 2471 Niebuhrio
705 2405 755 2492 (R.
784 2408 821 2473 G.
852 2409 866 2471 l
895 2431 925 2493 p.
958 2414 1020 2475 248
1050 2412 1128 2499 sq),
1157 2413 1313 2490 efficiunt,

160 2524 322 2589 Pontifices
343 2526 376 2587 in
401 2522 626 2587 commentariis
648 2522 802 2586 conditam
825 2524 940 2587 Urbem
967 2526 1102 2588 retulisse
1124 2525 1163 2589 ad
1183 2526 1232 2592 Ol.
1254 2529 1314 2596 Vll

160 2662 275 2704 annom
297 2641 436 2702 alterurn.
458 2637 546 2718 Quae
566 2659 612 2700 res
634 2658 731 2723 quum
753 2660 855 2724 neque
874 2662 911 2702 ex
929 2661 960 2702 se
975 2639 1197 2704 contemnenda
1210 2663 1311 2728 neque

160 2778 178 2819 a
200 2755 353 2840 superiore
376 2753 552 2840 quaestione
573 2753 672 2817 aliena
692 2755 748 2830 sit,
771 2775 855 2818 nunc
875 2756 968 2839 paulo
986 2766 1030 2817 est
1051 2757 1224 2819 accuratius
1244 2778 1312 2841 per-

160 2868 331 2955 pendenda.
370 2869 476 2953 ltaque
505 2867 608 2930 locum
646 2867 757 2930 iterum
794 2867 974 2932 describam.
1011 2858 1075 2934 Oria
1106 2863 1228 2954 ἠξίουν,
1266 2857 1313 2945 ὥς

158 2975 324 3066 Πολύβιος
353 2973 371 3049 ὁ
399 2981 684 3070 Μεγαλοπολίτης,
712 2984 866 3048 τοσοῦνον
890 2973 987 3066 μόνον
1008 2979 1125 3063 εἰπεῖν,
1153 2974 1204 3047 ὅτι
1232 2974 1313 3048 κατὰ

158 3090 196 3164 rd
224 3086 374 3182 δεύτερον
401 3089 473 3170 ἔπος
498 3097 553 3182 τῆς
581 3087 722 3184 ἑβδόμης
749 3087 968 3180 Ὀλυμπιάδος
997 3089 1054 3182 τήν
1079 3086 1207 3184 Ῥώμην
1232 3093 1314 3161 ἐκεί-

160 3215 250 3278 .σθαι
267 3209 443 3295 πείθομαι,
456 3201 1123 3299 οὐδ’ἐπὶτοῦπαροὶυοῖςᾌρχιερεῦσι
1138 3206 1316 3291 κειμένου

163 3326 329 3401 πίνακος
350 3318 421 3401 ἑνὸς
442 3325 495 3391 καὶ
510 3317 609 3410 μόνου
621 3319 676 3413 τήν
692 3326 802 3392 πίστιν
822 3314 1035 3408 ἀβασάνιστον
1052 3318 1232 3388 ἀπολιπεῖν.
1243 3323 1319 3386 ΝοΙο

162 3443 336 3527 inquirere,
359 3441 440 3504 itane
462 3441 607 3527 Polybius
624 3464 663 3504 an
687 3442 865 3527 Dionysius,
890 3461 983 3527 quem
1004 3437 1158 3501 Beckerus
1169 3439 1315 3522 cogitasse

163 3555 299 3632 videtur,
324 3555 487 3619 Pontifices
511 3567 648 3620 auctores
667 3557 897 3634 memoraverit,
920 3555 971 3618 sed
991 3555 1115 3617 alteram
1128 3555 1187 3617 loci
1200 3565 1317 3638 partem

165 3671 257 3734 etiam
280 3670 318 3732 atl
337 3671 498 3755 Polybium
523 3673 674 3756 pertinere
695 3670 804 3747 credo,
826 3671 881 3755 qui
900 3671 932 3732 io
951 3671 1053 3733 moltis
1064 3668 1222 3747 subsidiis,
1236 3692 1315 3756 quae

165 3788 281 3850 Romae
293 3783 350 3848 sibi
361 3786 546 3875 comparavit
561 3784 622 3872 (eff.
636 3783 778 3870 Polybius
797 3784 854 3873 III.
876 3784 928 3848 26.
950 3788 965 3846 1
982 3805 1058 3870 sqq,
1082 3785 1141 3860 55„
1154 3767 1206 3861 18,
1224 3785 1317 3861 alibi;

167 3903 368 3988 Dionysllal.
381 3902 407 3966 Ι.
422 3898 474 3987 7),
497 3899 722 3963 commentariis
740 3899 923 3963 Pontificum
944 3897 1025 3963 haud
1044 3897 1138 3966 dubie
1166 3920 1237 3961 usus
1256 3909 1316 3974 est;

169 4039 244 4081 num
266 4015 463 4101 consequitur
478 4035 514 4077 ex
533 4014 586 4076 illo
604 4015 791 4092 testimonio,
806 4014 975 4076 secundum
986 4014 1120 4076 tabulam
1134 4013 1319 4076 Pontificum

167 4153 203 4196 eo
223 4133 289 4216 ipso
320 4151 399 4194 anno
422 4127 576 4192 conditam
595 4150 657 4190 esse
676 4126 831 4191 Romam?
854 4129 921 4191 Duo
940 4129 1099 4214 Dionysius
1119 4139 1219 4204 notat,
1241 4148 1319 4213 quae

169 4248 333 4310 vitaturum
357 4268 387 4308 se
411 4267 472 4308 non
494 4244 557 4306 sine
578 4243 738 4306 iactatione
764 4242 942 4327 pollicetur,
965 4252 995 4303 et
1017 4243 1150 4326 primurn
1178 4240 1320 4327 quidem,

172 4361 212 4424 ad
234 4373 408 4445 temporum
431 4359 569 4423 ordinem
593 4357 772 4443 respiciens,
795 4378 855 4420 non
877 4356 945 4418 satis
963 4378 994 4418 se
1010 4354 1187 4418 habiturum
1210 4354 1322 4432 dicere,

172 4497 235 4562 quo
258 4496 338 4538 anno
360 4473 438 4539 Urbs
459 4472 581 4538 condita
606 4473 760 4550 videatur,
780 4471 833 4535 sed
854 4470 963 4534 additis
986 4491 1042 4534 cur
1061 4471 1102 4533 ita
1123 4470 1231 4533 sentiat
1253 4470 1324 4533 rati·

175 4593 285 4656 ouibus
306 4604 397 4678 atque
421 4590 614 4666 auctoribus3
635 4600 701 4653 tum
722 4610 767 4653 res
778 4599 933 4673 spectans,
953 4608 1013 4652 oon
1026 4597 1144 4651 tantum
1155 4607 1186 4651 se
1203 4583 1326 4648 credere
