3150 5275
761 429 798 488 71

197 627 310 691 inveni.
341 627 410 691 Esse
442 637 545 693 autem
577 626 653 697 mibi
686 616 854 712 persuadeo
883 624 998 689 summi
1026 626 1117 709 pretii
1142 626 1350 691 testimonium

199 750 266 804 tum
284 739 323 803 ad
340 739 452 818 fidem,
476 752 541 805 tum
564 741 602 805 ad
623 743 772 807 rationem
792 739 954 805 cocullum
975 739 1162 827 Pontificum
1178 755 1261 809 recte
1279 764 1349 829 per-

198 854 383 942 cipiendam.
404 854 487 937 Quid
509 854 619 921 euim?
644 856 711 920 Non
734 856 804 919 satis
827 878 844 919 rr
854 856 1016 921 annalium
1031 856 1227 942 publicorum
1245 868 1350 921 auoto-

199 971 314 1035 ritate»
345 968 574 1049 declarabatur,
603 992 638 1035 cx
662 969 852 1057 Pythagorae
873 970 1035 1056 disciplina
1061 971 1231 1057 prolectam
1260 972 1350 1035 luisse

198 1086 329 1150 Numam
358 1084 570 1171 Pompilium?
605 1084 696 1167 «Qui
728 1095 830 1149 tamen
863 1098 996 1172 quantus
1026 1097 1091 1150 erat
1123 1084 1284 1150 bominum
1318 1098 1350 1150 et

200 1223 294 1289 quam
319 1200 504 1265 inveteratus
532 1200 662 1263 errorl»
696 1199 752 1288 (ct.
778 1200 870 1266 Tuso.
893 1201 971 1289 disp.
994 1204 1051 1272 IV.
1077 1206 1092 1267 l
1118 1203 1222 1289 ibique
1247 1213 1353 1270 annot.

199 1314 386 1404 Kuehneri.)
417 1312 478 1378 Sed
506 1314 597 1379 simul
625 1314 684 1379 boc
706 1316 798 1379 velim
816 1314 936 1395 rideas,
966 1341 1068 1383 aunon
1090 1320 1134 1383 ita
1153 1318 1352 1383 confirmetur

201 1431 352 1515 suspicio,
373 1428 412 1493 de
435 1426 559 1493 historia
577 1430 785 1495 Romanorum
806 1431 1017 1517 antiquissima
1037 1433 1068 1496 in
1085 1431 1235 1497 maximis
1256 1452 1353 1497 cono·

201 1540 283 1611 libus
313 1544 433 1609 nonnisi
466 1544 641 1607 summatim
668 1555 699 1607 et
721 1544 848 1609 strictim
869 1567 933 1610 csse
953 1547 1133 1631 expositum.
1164 1546 1258 1612 Gaius
1287 1548 1352 1627 rei,

201 1660 226 1723 si
247 1682 284 1723 cx
308 1660 411 1724 rivulis
432 1680 486 1744 par
504 1658 545 1720 sit
565 1655 711 1738 adientes
721 1658 928 1736 concludere,
952 1659 1087 1745 primum
1099 1659 1184 1723 Fabii
1194 1650 1353 1747 Ginciique

200 1773 340 1859 exempla
380 1772 496 1849 affero,
540 1770 577 1835 de
608 1773 721 1859 quibus
758 1784 887 1837 testatur
915 1773 1075 1861 Dionysius
1105 1773 1142 1839 A.
1173 1775 1213 1839 R.
1244 1775 1270 1839 Ι.
1301 1778 1353 1840 6:

201 1878 331 1957 Τούτων
352 1886 389 1955 δὲ
408 1885 473 1953 τῶν
494 1878 619 1975 ἀνδρῶν
640 1877 812 1975 andrapon,
845 1878 895 1962 οἷς
915 1885 974 1971 μὲν
995 1880 1093 1962 αὐτός
1122 1882 1229 1978 ἔργοις
1251 1908 1356 1977 παρε-

195 2002 321 2091 γένετο,
355 1996 411 2071 διὰ
439 1998 496 2093 τήν
523 2000 694 2092 ἐμπειρίαν
716 1993 858 2090 ἀκριβῶς
879 1992 1070 2091 ἀνέγραψε·
1097 1996 1139 2068 sd
1169 2000 1206 2069 δὲ
1234 1996 1354 2092 ἀρχαῖα

197 2110 238 2187 sol
258 2143 297 2187 se
326 2125 373 2199 (1)
398 2112 482 2205 μετὰ
501 2111 558 2208 τήν
578 2115 679 2184 ariera
704 2115 762 2206 τῆς
781 2106 911 2191 πόλεως
938 2109 1092 2203 γενόμενα
1118 2114 1354 2207 κεφαλαιωδῶς

200 2231 383 2323 ἐπέδραμεν
390 2260 404 2319 ,·
425 2245 492 2298 tum
520 2243 610 2297 testes
626 2229 763 2316 produco
782 2231 823 2314 Q.
842 2230 1005 2296 Claudium
1023 2232 1261 2317 Quadrigarium
1280 2242 1311 2295 et
1319 2233 1353 2297 L.

202 2348 378 2414 Cornelium
398 2348 577 2425 Sisennam,
598 2347 654 2431 qui
673 2345 714 2409 ab
734 2346 828 2409 altera
841 2344 967 2409 demum
990 2344 1081 2409 Urbis
1102 2346 1220 2432 origine
1232 2346 1354 2410 initium

201 2462 355 2527 scribendi
376 2464 537 2539 fecerunt;
561 2460 613 2526 sed
634 2459 727 2525 laudo
744 2472 817 2524 ante
834 2460 955 2539 omnia,
976 2482 1055 2547 quae
1073 2460 1111 2524 de
1133 2463 1254 2548 Regum
1276 2473 1353 2525 tem·

204 2576 329 2664 poribus
346 2578 486 2643 universe
506 2577 588 2642 diota
607 2575 690 2664 apud
702 2576 882 2643 Ciceronem
904 2577 991 2663 lego,
1019 2576 1058 2642 de
1078 2600 1109 2642 re
1122 2578 1209 2663 publ.
1226 2578 1268 2645 ΙΙ.
1293 2582 1353 2646 18:

206 2698 313 2762 «Tum
332 2697 471 2760 Laelius:
493 2693 676 2760 Laudandus
697 2695 788 2759 etiam
811 2695 866 2758 iste
886 2694 951 2758 Rex
980 2694 1097 2783 (Ancus
1113 2696 1276 2779 Marcius);
1302 2693 1354 2758 sed

199 2809 327 2875 obscura
357 2822 402 2875 cst
422 2807 547 2874 historia
567 2810 726 2888 Romana,
757 2808 909 2896 siqnidem
929 2810 1015 2874 istius
1037 2811 1130 2897 Regis
1148 2821 1276 2876 matrem
1296 2809 1351 2874 ba·

199 2925 327 3004 bemus,
347 2925 523 3011 ignoramus
543 2935 671 3010 patrem.
691 2925 739 2989 Ita
761 2935 822 3002 est,
851 2924 970 3010 inquit3
1002 2926 1055 2990 sed
1081 2937 1253 3012 temporum
1280 2926 1351 2992 illo-

198 3059 269 3104 rum
295 3048 413 3104 tontum
442 3041 510 3126 sore
540 3037 660 3124 Reputo
684 3037 842 3103 illustrato
869 3046 941 3103 suot
970 3039 1134 3108 aomina».
1161 3043 1244 3106 Num
1273 3039 1352 3107 haec

198 3153 305 3221 Cicero
326 3176 386 3219 non
406 3153 475 3220 dico
498 3155 643 3239 potuisset
663 3153 814 3231 scribere,
836 3151 890 3217 sed
909 3154 1093 3240 scripsisset,
1115 3158 1173 3221 uisi
1191 3156 1352 3221 annalium

197 3268 427 3347 modiolorum,
447 3291 523 3356 quos
541 3291 636 3334 manu
658 3271 816 3350 versabat,
840 3293 877 3337 ea
898 3272 1003 3336 luisset
1023 3271 1126 3336 ratio?

239 3382 301 3448 Sed
333 3382 425 3447 buius
457 3383 604 3448 obscurae
637 3383 791 3449 brevitatis
815 3387 970 3451 mentione
999 3387 1113 3452 iniecta
1142 3399 1350 3474 opportunum

196 3495 331 3577 ridetur,
360 3520 399 3563 ne
428 3497 552 3584 posthac
574 3499 682 3566 eodem
705 3503 744 3566 sit
766 3503 984 3581 redeundum,
1004 3525 1041 3566 ex
1061 3524 1171 3590 magna
1191 3504 1347 3589 exemplo

198 3635 267 3676 rum
288 3615 336 3692 ri,
370 3637 450 3700 quae
484 3614 629 3680 historias
659 3617 736 3680 Livii
763 3619 939 3702 inspicienti
969 3619 1072 3682 statim
1099 3639 1161 3682 sese
1195 3616 1344 3690 offerunt,

195 3753 294 3796 unum
323 3730 470 3796 duntaxat
503 3733 632 3818 eligere,
662 3731 744 3819 quod
775 3735 906 3819 pertinet
938 3734 977 3799 ad
999 3734 1114 3798 liberae
1136 3734 1181 3797 rei
1204 3732 1347 3819 publicae
1459 3791 1462 3796 .

199 3849 297 3934 prima
329 3859 485 3936 tempora,
511 3848 550 3913 ad
574 3871 708 3938 pugnam
731 3850 938 3936 Regillensem
965 3849 1023 3938 (Ξ).
1049 3849 1108 3914 Ubi
1130 3849 1225 3934 igitur
1248 3849 1348 3913 Livius

203 4027 579 4042 mm

235 4147 273 4219 (1)
289 4147 330 4204 Ut
346 4130 383 4196 τᾶ
404 4129 518 4218 dolatio
535 4151 606 4204 recle
631 4148 734 4206 dicatur
759 4168 826 4206 neve
852 4149 968 4221 fingatur
992 4146 1091 4203 Fabius
1121 4148 1193 4217 (nam
1209 4145 1241 4200 de
1258 4145 1349 4202 Cincio

195 4249 338 4323 probabilis
355 4250 473 4322 quidem,
493 4251 539 4307 sed
554 4249 679 4307 incertior
696 4269 738 4306 res
755 4255 807 4323 est)
826 4232 864 4300 toi
882 4232 944 4320 apo*
960 4236 1016 4320 τῆς
1032 4233 1154 4310 κτίσεως
1162 4248 1266 4304 silentio
1274 4268 1346 4322 prae·

195 4353 313 4422 lenisse,
329 4353 369 4409 ilo
387 4353 457 4426 quod
476 4353 558 4426 vulgo
574 4353 674 4427 legitur
690 4335 734 4403 vol
759 4334 837 4420 μετά
851 4334 907 4422 τήν
923 4338 1016 4402 κτίσιν
1032 4353 1220 4409 emendandum
1228 4350 1349 4409 arbitror.

235 4453 273 4524 (2)
299 4452 362 4508 Iure
386 4451 500 4509 Krusius
525 4452 557 4508 H
583 4472 609 4525 p.
636 4453 670 4508 46
696 4451 816 4508 mmet
833 4453 918 4506 lolam
934 4451 986 4507 buc
1002 4451 1083 4507 refert
1101 4449 1258 4510 rbistoriam
1273 4450 1347 4506 XIII

196 4549 372 4622 proximorum
397 4555 457 4624 post
479 4549 649 4623 Tarquinium
667 4547 813 4623 Superbum
831 4567 998 4616 annorumr3
1017 4548 1062 4604 sed
1079 4548 1219 4620 singularis
1235 4549 1292 4605 eius
1309 4552 1350 4604 ost
