3150 5275
741 426 777 486 11

133 686 135 689 -
168 638 229 701 ritu
257 632 396 719 privatim
425 639 455 692 et
477 626 601 713 publice
624 646 708 689 sacra
731 626 795 688 Diis
815 621 974 698 facienda,
1005 642 1085 707 qnae
1117 620 1244 705 singulis
1272 620 1319 682 ri·

169 752 278 817 elimae
298 756 328 811 et
347 766 440 832 qnare
463 742 602 804 decretae
625 749 740 815 essent3
773 739 893 823 regulas
915 735 1162 822 praescribebant
1181 735 1317 819 templa,

168 863 342 937 aediculas,
375 880 441 922 aras
470 869 500 921 et
532 856 641 919 similia
672 855 727 917 rite
757 851 939 928 dedicandi3
973 874 1052 938 quae
1082 852 1175 915 feriae
1206 874 1224 915 a
1255 871 1318 937 qno

169 998 280 1065 genere
303 973 462 1037 bominum
487 970 662 1057 quibusque
684 967 791 1031 diebus
810 964 1035 1042 observandae,
1061 966 1108 1028 rel
1142 986 1223 1050 quae
1243 963 1312 1026 fieri

168 1092 276 1157 diebus
290 1091 372 1153 lestis
386 1088 529 1173 permissa
550 1095 648 1148 essent
665 1081 859 1158 indicabaut3
872 1081 1007 1167 denique
1024 1081 1168 1144 formulas
1178 1100 1317 1163 compre·¹

168 1208 322 1271 cationum
338 1204 472 1288 aliasque
485 1200 668 1284 religionum
679 1196 878 1260 caerimonias
889 1194 1128 1258 innumerabiles
1145 1193 1208 1256 fere
1220 1190 1318 1253 trade·

167 1320 241 1385 bant
253 1318 438 1405 plenissime.
451 1314 513 1395 Qui
527 1333 594 1375 rero
607 1310 794 1394 Pontificum
813 1307 885 1372 libri
897 1310 1030 1373 Deorum
1044 1308 1166 1371 nomina
1179 1306 1319 1369 virtutes·

167 1456 247 1522 que,
266 1431 358 1496 verbo
376 1432 472 1514 ipsam
491 1426 673 1514 theologiam
699 1426 879 1501 tradebant,
907 1423 953 1487 his
978 1423 1062 1487 libris
1086 1420 1320 1505 iadiqitomeoto

167 1568 273 1613 rernm
293 1566 404 1611 nornen
424 1544 515 1607 fuisse
542 1566 579 1607 ex
607 1544 711 1607 Servio
737 1540 866 1617 efficias,
895 1538 989 1625 idque
1015 1537 1197 1601 discriminis
1226 1536 1319 1599 etiam

168 1659 385 1728 Ambroschius
411 1656 509 1745 (Stud.
535 1680 565 1723 u.
598 1656 730 1721 Andeut.
754 1656 769 1718 l
792 1677 822 1740 p.
847 1657 888 1719 65
918 1666 1021 1720 annot.
1054 1656 1126 1731 109,
1153 1654 1186 1715 in
1214 1652 1319 1737 primis

168 1800 239 1842 vero
257 1778 289 1839 in
310 1774 533 1849 dissertatione,
553 1794 632 1859 quae
654 1771 830 1835 inscribitur
848 1770 950 1833 Ueber
973 1769 1022 1832 die
1044 1764 1319 1860 Religionsbiieher

168 1894 222 1957 der
242 1890 382 1975 Rtimer),
406 1911 504 1975 quum
527 1889 648 1975 egregie
674 1887 803 1950 illustret
824 1883 1127 1969 iadiqitomeatorom
1149 1884 1316 1957 rationem,

168 2008 359 2071 lacereinter
380 2015 524 2089 utrosque
540 2002 658 2066 ridetur
677 2000 735 2089 (1).
754 1996 952 2081 Pompilr'oao
973 1994 1211 2081 iadiqitomeato
1233 2007 1319 2059 vocat

168 2120 338 2197 Arnobius,
362 2118 429 2182 adv.
443 2129 525 2202 gent.
549 2117 589 2182 ΙΙ.
614 2116 673 2190 75,
698 2117 769 2201 qnia
792 2137 810 2178 a
832 2114 932 2177 Numa
951 2124 1074 2177 auctore
1085 2113 1318 2198 repetebantur,

170 2236 227 2299 nisi
249 2236 290 2297 ita
313 2232 470 2297 dictasint
500 2232 532 2294 in
562 2229 708 2293 honorem
740 2230 878 2302 Numae,
911 2249 946 2289 ex
976 2227 1065 2289 cuius
1094 2226 1319 2289 commentariis

169 2350 322 2436 principia
347 2356 445 2410 essent
466 2346 560 2430 petita
586 2343 643 2430 (b).
668 2340 828 2427 Quidquid
851 2351 914 2416 est,
946 2339 1020 2403 libri
1041 2338 1227 2423 Pontificum
1250 2342 1321 2403 uni·

172 2496 363 2510 ——-—-

169 2562 190 2613 a'
208 2560 314 2627 coliem,
335 2576 401 2630 quae
424 2560 486 2613 sunt
508 2557 578 2629 apud
601 2554 725 2623 Festum,
747 2554 866 2609 Servium
887 2553 1004 2625 aliosque
1038 2552 1081 2623 (de
1103 2550 1243 2623 Fulgentio
1266 2550 1320 2607 rid.

169 2658 308 2715 Lersebius
325 2678 351 2731 p.
370 2659 404 2712 42
419 2659 496 2729 sqq),
514 2673 568 2711 non
584 2653 724 2722 dubitabit,
739 2653 803 2726 quin
817 2652 906 2708 eodem
926 2655 1039 2723 utraque
1053 2649 1208 2723 pertineant.
1232 2649 1321 2705 Etiam

168 2760 299 2832 Aaparom
324 2760 352 2812 et
373 2757 507 2829 reparator
529 2756 588 2810 libri
611 2752 666 2808 sine
688 2751 836 2808 discrimine
859 2750 1010 2806 laudantur.
1035 2750 1089 2807 Illo
1111 2749 1215 2806 nomine
1232 2749 1318 2805 Varro

168 2855 253 2912 utitur
269 2855 302 2911 Ir.
320 2854 352 2909 L.
370 2853 396 2906 V
412 2872 438 2925 p.
457 2853 506 2920 64,
526 2851 566 2906 VI
583 2871 608 2923 p.
627 2851 686 2918 241,
701 2849 760 2904 VII
777 2870 803 2922 p.
821 2850 881 2906 289.

206 2956 244 3025 (I)
260 2953 332 3008 Serv.
357 2952 500 3007 Commeat.
524 2949 599 3021 Virg.
618 2949 713 3020 Georg.
729 2947 754 3005 Ι.
773 2949 821 3004 212
841 2949 1248 3020 interannuntiantem.
1264 2947 1319 3004 No

169 3051 239 3108 mina
266 3052 330 3106 haec
360 3050 496 3106 numinum
516 3048 545 3104 in
572 3048 768 3121 iadipa'tomeatis
782 3046 967 3113 inveniuntur,
983 3045 1001 3102 i.
1018 3064 1040 3103 e.
1056 3045 1085 3101 in
1101 3049 1173 3102 libris
1185 3049 1320 3120 partifica-

167 3151 248 3217 litas,
274 3149 320 3221 qui
346 3153 373 3204 et
394 3148 498 3204 nomina
520 3147 637 3202 Deorum
663 3150 690 3202 et
711 3146 829 3201 rationes
854 3145 971 3218 ipsorum
995 3146 1129 3202 nominum
1154 3147 1320 3206 continente.

169 3247 269 3318 Quodsi
293 3249 318 3305 h.
342 3247 359 3302 l.
385 3247 432 3302 rin
453 3246 527 3301 libris
535 3270 547 3296 r
573 3245 752 3317 accipiendum
776 3247 818 3299 est
842 3245 891 3299 rin
912 3249 944 3302 iis
967 3245 1078 3316 librisr,
1102 3265 1134 3303 eo
1150 3248 1233 3320 magis
1249 3247 1322 3304 valet

168 3345 333 3402 Ambrosobii
350 3345 432 3413 ratio,
448 3363 527 3416 quam
543 3343 634 3414 ignoro
652 3362 687 3399 an
705 3343 768 3399 alibi
785 3343 950 3416 probaverit,
968 3344 1014 3400 sed
1031 3345 1183 3402 confirmare
1198 3345 1322 3402 videntur

169 3444 302 3500 Arnobins
320 3443 364 3500 l.l.
382 3447 409 3499 et
426 3438 584 3499 Censorinus
601 3441 633 3497 de
653 3441 694 3497 die
711 3445 766 3497 nat.
784 3442 841 3498 III.

206 3543 244 3612 (t)
264 3541 305 3596 bf.
329 3542 454 3596 Petersen
478 3540 496 3596 l.
516 3539 534 3596 l.
555 3560 579 3613 p.
601 3542 634 3595 30
652 3558 725 3612 sqq,
743 3540 789 3612 qui
809 3541 859 3596 etsi
876 3561 902 3614 p.
920 3542 953 3596 35
971 3542 1109 3599 confundit
1125 3545 1241 3600 libraret
1261 3563 1321 3600 eora-

168 3642 299 3696 aratorios
315 3639 484 3708 Pontificum,
503 3638 596 3695 merito
614 3637 714 3694 refutat
733 3637 918 3708 Dirkseninm,
935 3641 1070 3698 Varsnche
1088 3662 1110 3698 z.
1127 3643 1198 3700 Krit.
1215 3664 1241 3716 p.
1256 3645 1322 3712 238,

168 3741 255 3795 ratum
276 3739 351 3811 sequi
372 3757 405 3794 ex
418 3738 476 3795 loco
493 3738 629 3795 Plutarchi
651 3737 708 3792 rit.
734 3737 817 3796 Mare.
835 3739 911 3794 VIII
927 3741 984 3812 (nbi
1000 3761 1055 3798 esse
1073 3742 1209 3811 dicuntur,
1228 3742 1321 3815 quide

168 3842 258 3916 spoliis
279 3841 372 3916 opimis
398 3840 556 3898 mentionem
577 3842 676 3897 laetam
701 3838 809 3895 tradant
821 3826 854 3890 ἓν
869 3821 1062 3913 ὖπομνῆμασι
1074 3833 1206 3913 Numae),
1224 3842 1321 3898 collato

168 3962 228 4000 cam
243 3944 394 3999 testimonio
417 3943 492 3999 Festi
508 3962 535 3998 v.
553 3943 648 4016 Opima
663 3960 689 4015 p.
704 3943 755 3996 189
775 3941 833 4014 (ubi
849 3941 992 3998 laudantur
1009 3945 1069 3999 tibia·
1083 3945 1162 4000 Porti
1180 3946 1262 4016 cerm),
1278 3943 1321 3999 ius

169 4039 338 4113 Papirianum
354 4060 387 4098 ex
404 4045 474 4098 tibris
491 4043 641 4114 Pontificum
661 4059 716 4096 esse
733 4039 915 4113 compilatum:
932 4040 1088 4096 nemetiam
1099 4039 1232 4113 rPompili
1239 4040 1321 4112 Regis

166 4139 272 4211 legemr
299 4137 393 4194 Festus
417 4139 514 4194 ibidem
538 4139 620 4196 affert.
643 4139 685 4195 le
708 4139 801 4195 iisdem
820 4138 885 4195 loeis
908 4139 1040 4195 Beckerns
1064 4159 1090 4211 p.
1112 4141 1147 4195 13
1167 4140 1212 4210 (of.
1228 4159 1254 4211 p.
1273 4140 1320 4211 15)

167 4235 343 4306 effecit,inter
352 4220 553 4311 ὑπομνήματα
569 4239 672 4294 Numae
681 4243 708 4294 et
725 4238 806 4294 libros
822 4239 881 4294 illos
899 4257 985 4294 sacros
1002 4237 1317 4295 nihildiscriminisinter-

167 4339 287 4406 cessisse;
306 4337 376 4410 qaod
392 4342 462 4393 certe
479 4337 583 4409 quidem
602 4339 698 4394 rectius
720 4346 778 4408 est,
802 4340 899 4395 sedan
924 4338 1028 4394 omnino
1045 4359 1136 4395 verum
1151 4339 1203 4406 sit,
1219 4337 1319 4394 dubito.

168 4438 261 4510 Neque
277 4438 305 4493 in
319 4437 417 4493 talibus
434 4437 592 4492 certissimus
610 4441 701 4493 anotor
716 4438 883 4494 Plutarchus.
899 4436 1239 4494 Ceteramdehisomnibns
1249 4436 1319 4492 nidd.

169 4554 235 4607 quae
252 4535 390 4610 diligenter
407 4533 521 4590 contulit
537 4538 564 4591 et
580 4534 729 4608 disputarit
744 4535 867 4592 Klotzins
883 4555 909 4608 p.
928 4537 977 4591 318
996 4554 1067 4607 sqq,
1085 4537 1136 4590 358
1155 4553 1194 4606 sq.
